@misc{ABIF2009,
	author = {{Life Technologies Corporation}},
	title = {Applied Biosystems Genetic Analysis Data File Format},
	date = {2009-09},
% Verified 2018-05-31
}

@article{Acharya1997,
	author = {Acharya, A. and Desai, A.J.},
	title = {Studies on utilization of acetonitrile by \mo{Rhodococcus erythropolis} A10},
	journal = {World Journal of Microbiology and Biotechnology},
	year = {1997},
	volume = {13},
	number = {2},
	pages = {175-178},
	doi = {10.1023/A:1018585613448},
% Verified 2016-11-17
}

@article{Adler1977,
	author = {Adler, Erich},
	title = {Lignin chemistry---Past, Present and Future},
	journal = {Wood Science and Technology},
	year = {1977},
	volume = {11},
	number = {3},
	pages = {169-218},
	doi = {10.1007/BF00365615},
% Verified 2016-11-17
}

@article{Almeida2007,
	author = {Almeida, João R.M. and Modig, Tobias and Petersson, Anneli and Hähn-Hägerdal, Bärbel and Lidén, Gunnar and Gorwa-Grauslund, Marie F.},
	title = {Increased tolerance and conversion of inhibitors in lignocellulosic hydrolysates by \mo{Saccharomyces cerevisiae}},
	journal = {Journal of Chemical Technology \& Biotechnology},
	year = {2007},
	volume = {82},
	number = {4},
	pages = {340-349},
	doi = {10.1002/jctb.1676},
% Verified 2016-11-17
}

@article{Ando1986,
	author = {Ando, Shingo and Irai, Isamu and Kiyoto, Koichi and Hanai, Shiro},
	title = {Identification of Aromatic Monomers in Steam-Exploded Poplar and Their Influences on Ethanol Fermentation by \mo{Saccharomyces cerevisiae}},
	journaltitle = {Journal of Fermentation Technology},
	year = {1986},
	volume = {64},
	number = {6},
	pages = {567-570},
	doi = {10.1016/0385-6380(86)90084-1},
% Verified 2016-11-18
}

@misc{Andrews2012,
	author = {Andrews, Simon},
	title = {FastQC---A Quality Control Tool for High-Throughput Sequence Data},
	url = {https://www.bioinformatics.babraham.ac.uk/projects/fastqc/},
	year = {2012},
	note = {Version: 0.10.1},
% Verified 2018-05-31
}

@inbook{Angyal2001,
	author = {Angyal, Stephen J.},
	editor = {Stütz, Arnold E.},
	title = {The Lobry de Bruyn-Alberda van Ekenstein Transformation and Related Reactions},
	booktitle = {Glycoscience: Epimerisation, Isomerisation and Rearrangement Reactions of Carbohydrates},
	year = {2001},
	publisher = {Springer Berlin Heidelberg},
	pages = {1-14},
	isbn = {978-3-540-44422-0},
	doi = {10.1007/3-540-44422-X_1},
% Verified 2016-11-17
}

@misc{Anonymous1870,
	author = {Anonymous and {User Chick Bowen}},
	title = {Photograph from the mid-1870s of a pile of American bison skulls waiting to be ground for fertilizer},
	year = {circa 1870},
	url = {https://commons.wikimedia.org/w/index.php?title=File:Bison_skull_pile_edit.jpg&oldid=275989116},
	urldate = {2016-03-21},
	note = {Original photograph available at Burton Historical Collection, Detroit Public Library. Direct image link: \url{https://upload.wikimedia.org/wikipedia/commons/archive/e/e9/20110527224211!Bison_skull_pile_edit.jpg}.},
% Verified 2018-05-31
}

@article{Arens1949,
	author = {Arens, K.},
	title = {Prova de calose por meio da microscopia a luz fluorescente e aplicações do metodo},
	journal = {Lilloa},
	year = {1949},
	number = {18},
	pages = {71-75},
% Verified 2018-05-31
}

@book{Armstrong1999,
	author = {Armstrong, Arthur John and Hamrin, Jan},
	editor = {Lambrides, Mark},
	booktitle = {The Renewable Energy Policy Manual},
	year = {1999},
	publisher = {United States Export Council for Renewable Energy},
	address = {Washington, D. C.},
	url = {http://www.oas.org/dsd/publications/Unit/oea79e/oea79e.pdf},
% Verified 2016-11-18
}

@book{Arndt1996,
	author = {Arndt, Karl-Friedrich and Müller, Gert},
	title = {Polymercharakterisierung},
	pages = {1996},
	isbn = {3-446-17588-1},
	publisher = {Hanser},
	address = {München, Wien},
	pages = {328},
% Verified 2016-11-18
}

@article{Asano1982a,
	author = {Asano, Yasuhisa and Fujishiro, Kinya and Tani, Yoshiki and Yamada, Hideaki},
	title = {Aliphatic Nitrile Hydratase from \mo{Arthrobacter} sp. J-1 Purification and Characterization},
	journal = {Agricultural and Biological Chemistry},
	volume = {46},
	number = {5},
	pages = {1165-1174},
	year = {1982},
	doi = {10.1080/00021369.1982.10865238},
% Verified 2016-11-17
}

@article{Asano1982b,
	author = {Asano, Yasuhisa and Tachibana, Mineo and Tani, Yoshiki and Yamada, Hideaki},
	title = {Purification and Characterization of Amidase which Participates in Nitrile Degradation},
	journal = {Agricultural and Biological Chemistry},
	volume = {46},
	number = {5},
	pages = {1175-1181},
	year = {1982},
	doi = {10.1080/00021369.1982.10865239},
% Verified 2016-11-17
}

@article{Axe1995,
	author = {Axe, Douglas D. and Bailey, James E.},
	title = {Transport of Lactate and Acetate Through the Energized Cytoplasmic Membrane of \mo{Escherichia coli}},
	journal = {Biotechnology and Bioengineering},
	year = {1995},
	volume = {47},
	number = {1},
	pages = {8-19},
	doi = {10.1002/bit.260470103},
% Verified 2016-11-18
}

@article{Aziz2008,
	author = {Aziz, Ramy K. and Bartels, Daniela and Best, Aaron A. and DeJongh, Matthew and Disz, Terrence and Edwards, Robert A. and Formsma, Kevin and Gerdes, Svetlana and Glass, Elizabeth M. and Kubal, Michael and Meyer, Folker and Olsen, Gary J. and Olsen, Robert and Osterman, Andrei L. and Overbeek, Ross A. and McNeil, Leslie K. and Paarmann, Daniel and Paczian, Tobias and Parrello, Bruce and Pusch, Gordon D. and Reich, Claudia and Stevens, Rick and Vassieva, Olga and Vonstein, Veronika and Wilke, Andreas and Zagnitko, Olga},
	title = {The RAST Server: Rapid Annotations using Subsystems Technology},
	journaltitle = {BMC Genomics},
	year = {2008},
	volume = {9},
	number = {75},
	doi = {10.1186/1471-2164-9-75},
% Verified 2016-11-18
}

@article{Babu1995,
	author = {Babu, G. R. V. and Wolfram, J. H. and Marian, J. M. and Chapatwala, K. D.},
	title = {\mo{Pseudomonas marginalis}: its degradative capability on organic nitriles and amides},
	journal = {Applied Microbiology and Biotechnology},
	year = {1995},
	volume = {43},
	number = {4},
	pages = {739-745},
	doi = {10.1007/BF00164782},
% Verified 2016-11-18
}

@article{Bader2010,
	author = {Bader, J. and Mast-Gerlach, E. and Popović, M.K. and Bajpai, R. and Stahl, U.},
	title = {Relevance of microbial coculture fermentations in biotechnology},
	journal = {Journal of Applied Microbiology},
	year = {2010},
	volume = {109},
	number = {2},
	pages = {371-387},
	doi = {10.1111/j.1365-2672.2009.04659.x},
% Verified 2016-11-18
}

@article{Baker1986,
	author = {Baker, John O. and Himmel, Michael E.},
	title = {Separation of sugar anomers by aqueous chromatography on calcium- and lead-form ion-exchange columns},
	journaltitle = {Journal of Chromatography A},
	year = {1986},
	volume = {357},
	pages = {161-181},
	doi = {10.1016/s0021-9673(01)95818-2},
% Verified 2018-05-31
}

@article{Banker2003,
	author = {Banker, Michael J. and Clark, Tracey H. and Williams, John A.},
	title = {Development and Validation of a 96-Well Equilibrium Dialysis Apparatus for Measuring Plasma Protein Binding},
	journal = {Journal of Pharmaceutical Sciences},
	volume = {92},
	number = {5},
	pages = {967-974},
	year = {2003},
	doi = {10.1002/jps.10332},
% Verified 2016-11-18
}

@article{Bardet1985,
	author = {Bardet, Michel and Robert, Danielle R. and Lundquist, Knut},
	title = {On the reactions and degradation of the lignin during steam hydrolysis of aspen wood},
	journal = {Svensk Papperstidning},
	year = {1985},
	volume = {88},
	number = {6},
	pages = {61-67},
% Verified 2016-11-18
}

@article{Becker1998,
	author = {Becker, A. and Katzen, F. and Pühler, A. and Ielpi, L.},
	title = {Xanthan gum biosynthesis and application: a biochemical/genetic perspective},
	journaltitle = {Applied Microbiology and Biotechnology},
	year = {1998},
	volume = {50},
	number = {2},
	pages = {145-152},
	doi = {10.1007/s002530051269},
% Verified 2016-11-18
}

@article{Beech1991,
	author = {Beech, I. B. and Gaylarde, C. C. and Smith, J. J. and Geesey, G. G.},
	title = {Extracellular polysaccharides from \mo{Desulfovibrio desulfuricans} and \mo{Pseudomonas fluorescens} in the presence of mild and stainless steel},
	journal = {Applied Microbiology and Biotechnology},
	year = {1991},
	volume = {35},
	number = {1},
	pages = {65-71},
	doi = {10.1007/BF00180638},
% Verified 2016-11-18
}

@article{Beeson2015,
	author = {Beeson, William T. and Vu, Van V. and Span, Elise A. and Phillips, Christopher M. and Marletta, Michael A.},
	title = {Cellulose Degradation by Polysaccharide Monooxygenases},
	journal = {Annual Review of Biochemistry},
	year = {2015},
	doi = {10.1146/annurev-biochem-060614-034439},
	volume = {84},
	number = {1},
	pages = {923-946},
% Verified 2018-05-31
}

@article{Beguin1994,
	author = {Béguin, Pierre and Aubert, Jean-Paul},
	title = {The biological degradation of cellulose},
	journal = {FEMS Microbiology Reviews},
	year = {1994},
	volume = {13},
	number = {1},
	pages = {25-58},
	doi = {10.1111/j.1574-6976.1994.tb00033.x},
% Verified 2016-11-18
}

@article{Bertani2004,
	author = {Bertani, Giuseppe},
	title = {Lysogeny at Mid-Twentieth Century: P1, P2, and Other Experimental Systems},
	journaltitle = {Journal of Bacteriology},
	year = {2004},
	volume = {186},
	number = {3},
	pages = {595-600},
	doi = {10.1128/JB.186.3.595-600.2004},
% Verified 2016-11-18
}

@article{Bhalla2005,
	author = {Bhalla, Tek Chand and Kumar, Harish},
	title = {\mo{Nocardia globerula} NHB-2: a versatile nitrile-degrading organism},
	journal = {Canadian Journal of Microbiology},
	year = {2005},
	volume = {51},
	number = {8},
	pages = {705-708},
	doi = {10.1139/w05-046},
% Verified 2016-11-18
}

@book{BIPM2006,
	author = {{Bureau international des poids et mesures}},
	title = {The International System of Units (SI)},
	year = {2006},
	edition = {8th},
	pages = {186},
% Verified 2018-05-31
}

@article{Bluhm1982,
	author = {Bluhm, Terry L. and Deslandes, Yves and Marchessault, Robert H. and Pérez, Serge and Rinaudo, Marguerite},
	title = {Solid-state and solution conformation of scleroglucan},
	journal = {Carbohydrate Research},
	year = {1982},
	volume = {100},
	number = {1},
	pages = {117-130},
	doi = {10.1016/S0008-6215(00)81030-7},
% Verified 2016-11-18
}

@article{Boopathy1993,
	author = {Boopathy, R. and Bokang, H. and Daniels, L.},
	title = {Biotransformation of furfural and 5-hydroxymethyl furfural by enteric bacteria},
	journal = {Journal of Industrial Microbiology},
	year = {1993},
	volume = {11},
	number = {3},
	pages = {147-150},
	doi = {10.1007/BF01583715},
% Verified 2016-11-18
}

@misc{Booth2012,
	author = {Booth, Tim},
	title = {fastagrep.pl},
	url = {http://nebc.nerc.ac.uk/downloads/scripts/parse/fastagrep},
	year = {2012},
	note = {Last accessed: 2018-05-31; Git: https://github.com/rec3141/rec-genome-tools/blob/master/bin/fastagrep.pl; Version: c658 7ae8 ef07 e323 dc35 1994 367b fbb7 38fb 2f81},
% Verified 2018-05-31
}

@article{Brettin2015,
	author = {Brettin, Thomas and Davis, James J. and Disz, Terry and Edwards, Robert A. and Gerdes, Svetlana and Olsen, Gary J. and Olson, Robert and Overbeek, Ross and Parrello, Bruce and Pusch, Gordon D. and Shukla, Maulik and Thomason III, James A. and Stevens, Rick and Vonstein, Veronika and Wattam, Alice R. and Xia, Fangfang},
	title = {RASTtk: a modular and extensible implementation of the RAST algorithm for building custom annotation pipelines and annotating batches of genomes},
	journal = {Scientific Reports},
	year = {2015},
	volume = {5},
	number = {8365},
	pages = {6},
	doi = {10.1038/srep08365},
% Verified 2016-11-18
}

@article{Broadbent2003,
	author = {Broadbent, J. R. and McMahon, D. J. and Welker, D. L. and Oberg, C. J. and Moineau, S.},
	title = {Biochemistry, Genetics, and Applications of Exopolysaccharide Production in \mo{Streptococcus thermophilus}: A Review},
	journal = {Journal of Dairy Science},
	year = {2003},
	volume = {86},
	number = {2},
	pages = {407-423},
	doi = {10.3168/jds.s0022-0302(03)73619-4},
% Verified 2016-11-18
}

@article{Brodeur2011,
	author = {Brodeur, Gary and Yau, Elizabeth and Badal, Kimberly and Collier, John and Ramachandran, K. B. and Ramakrishnan, Subramanian},
	title = {Chemical and Physicochemical Pretreatment of Lignocellulosic Biomass: A Review},
	journal = {Enzyme Research},
	year = {2011},
	volume = {2011},
	pages = {17},
	doi = {10.4061/2011/787532},
% Verified 2016-11-18
}

@article{Brune1983,
	author = {Brune, Gerhard and Schoberth, Siegfried M. and Sahm, Hermann},
	title = {Growth of a Strictly Anaerobic Bacterium on Furfural (2-Furaldehyde)},
	journal = {Applied and Environmental Microbiology},
	year = {1983},
	volume = {46},
	number = {5},
	pages = {1187-1192},
	url = {http://aem.asm.org/content/46/5/1187.abstract},
% Verified 2016-11-18
}

@article{Bryan1986,
	author = {Bryan, Barbara A. and Linhardt, R. J. and Daniels, L.},
	title = {Variation in Composition and Yield of Exopolysaccharides Produced by \mo{Klebsiella} sp. Strain K32 and \mo{Acinetobacter calcoaceticus}~BD4},
	journaltitle = {Applied and Environmental Microbiology},
	year = {1986},
	volume = {51},
	number = {6},
	pages = {1304-1308},
	url = {http://aem.asm.org/content/51/6/1304.short},
% Verified 2016-11-18
}

@article{Burdman2000,
	author = {Burdman, S. and Jurkevitch, E. and Soria-Díaz, María E. and Serrano, Antonio M. Gil and Okon, Y.},
	title = {Extracellular polysaccharide composition of Azospirillum brasilense and its relation with cell aggregation},
	journal = {FEMS Microbiology Letters},
	year = {2000},
	volume = {189},
	number = {2},
	pages = {259-264},
	doi = {10.1111/j.1574-6968.2000.tb09240.x},
% Verified 2016-11-18
}

@misc{CCAP2008,
	author = {{Culture Collection of Algae and Protozoa}},
	title = {MASM (Modified Artificial Seawater Medium)},
	year = {2008},
	pages = {2},
% Verified 2018-05-31
}

@article{Cerning1994,
	author = {Cerning, J. and Renard, C. M. G. C. and Thibault, J. F. and Bouillanne, C. and Landon, M. and Desmazeaud, M. and Topisirovic, L.},
	title = {Carbon Source Requirements for Exopolysaccharide Production by \mo{Lactobacillus casei}~CG11 and Partial Structure Analysis of the Polymer},
	journaltitle = {Applied and Environmental Microbiology},
	year = {1994},
	volume = {60},
	number = {11},
	pages = {3914-3919},
	url = {http://aem.asm.org/content/60/11/3914.short},
% Verified 2016-11-18
}

@article{Chapatwala1990,
	author = {Chapatwala, Kirit D. and Nawaz, Mohamed S. and Richardson, Juddie D. and Wolfram, James H.},
	title = {Isolation and characterization of acetonitrile utilizing bacteria},
	journal = {Journal of Industrial Microbiology},
	year = {1990},
	volume = {5},
	number = {2},
	pages = {65-69},
	doi = {10.1007/BF01573854},
% Verified 2016-11-18
}

@article{Chen1980,
	author = {Chen, Catherine S. Hsia and Sheppard, E. W.},
	title = {Conformation and Shear Stability of Xanthan Gum in Solution},
	journal = {Polymer Engineering \& Science},
	year = {1980},
	volume = {20},
	number = {7},
	pages = {512-516},
	doi = {10.1002/pen.760200712},
% Verified 2016-11-18
}

@article{Chen1993,
	author = {Wen-ping, Chen and Tsong-teh, Kuo},
	title = {A simple and rapid method for the preparation of gram-negative bacterial genomic DNA},
	journaltitle = {Nucleic Acids Research},
	year = {1993},
	volume = {21},
	number = {9},
	pages = {2260},
	doi = {10.1093/nar/21.9.2260},
% Verified 2016-11-18
}

@article{Cheng2011,
	author = {Cheng, Kuan-Chen and Demirci, Ali and Catchmark, Jeffrey M.},
	title = {Evaluation of Medium Composition and Fermentation Parameters on Pullulan Production by \mo{Aureobasidium pullulans}},
	journal = {Food Science and Technology International},
	year = {2011},
	volume = {17},
	number = {2},
	pages = {99-109},
	doi = {10.1177/1082013210368719},
% Verified 2016-11-18
}

@article{Clark1984,
	author = {Clark, Thomas A. and Mackie, Keith L.},
	title = {Fermentation Inhibitors in Wood Hydrolysates Derived from the Softwood \mo{Pinus radiata}},
	journaltitle = {Journal of Chemical Technology and Biotechnology},
	year = {1984},
	volume = {34B},
	number = {2},
	pages = {101-110},
	doi = {10.1002/jctb.280340206},
% Verified 2016-11-18
}

@article{Coviello2005,
	author = {Coviello, Tommasina and Palleschi, Antonio and Grassi, Mario and Matricardi, Pietro and Bocchinfuso, Gianfranco and Alhaique, Franco},
	title = {Scleroglucan: A Versatile Polysaccharide for Modified Drug Delivery},
	year = {2005},
	journal = {Molecules},
	volume = {10},
	number = {1},
	pages = {6-33},
	doi = {10.3390/10010006},
% Verified 2016-11-18
}

@article{Cox2010,
	author = {Cox, Murray P. and Peterson, Daniel A. and Biggs, Patrick J.},
	title = {SolexaQA: At-a-glance quality assessment of Illumina second-generation sequencing data},
	journaltitle = {BMC Bioinformatics},
	year = {2010},
	volume = {11},
	number = {485},
	doi = {10.1186/1471-2105-11-485},
% Verified 2016-11-18
}

@article{Coyne2011,
	author = {Coyne, Michael J. and Fletcher, C. Mark and Reinap, Barbara and Comstock, Laurie E.},
	title = {UDP-Glucuronic Acid Decarboxylases of \mo{Bacteroides fragilis} and Their Prevalence in Bacteria},
	journal = {Journal of Bacteriology},
	year = {2011},
	volume = {193},
	number = {19},
	pages = {5252-5259},
	doi = {10.1128/JB.05337-11},
% Verified 2016-11-18
}

@article{Davison1982,
	author = {Davison, Paul and Mentzer, Eric},
	title = {Polymer Flooding in North Sea Reservoirs},
	year = {1982},
	journal = {Society of Petroleum Engineers Journal},
	volume = {22},
	number = {3},
	pages = {353-362},
	doi = {10.2118/9300-PA},
% Verified 2016-11-18
}

@article{Degeest2002,
	author = {Degeest, B. and Mozzi, F. and De Vuyst, L.},
	title = {Effect of medium composition and temperature and pH changes on exopolysaccharide yields and stability during \mo{Streptococcus thermophilus} LY03 fermentations},
	journal = {International Journal of Food Microbiology},
	year = {2002},
	volume = {79},
	number = {3},
	pages = {161-174},
	doi = {10.1016/S0168-1605(02)00116-2},
% Verified 2016-11-18
}

@book{DERA2015,
	author = {Andruleit, Harald and Babies, Hans Georg and Blumenberg, Martin and Mayer, Georg and Meßner, Jürgen and Pein, Martin and Rebscher, Dorothee and Schauer, Michael und Schmidt, Sandro and Schulz, Peggy and von Goerne, Gabriela and Winchenbach, Max},
	booktitle = {Energiestudie 2015. Reserven, Ressourcen und Verfügbarkeit von Energierohstoffen},
	year = {2015},
	number = {19},
	publisher = {{Bundesanstalt für Geowissenschaften und Rohstoffe (BGR), Fachbereich B1.3, Geologie der Energierohstoffe, Polargeologie}},
	address = {Hannover},
	pages = {172},
% Verified 2018-05-31
}

@article{Dhamole2010,
	author = {Dhamole, Pradip B. and Mahajan, Prafulla and Feng, Hao},
	title = {Phase Separation Conditions for Sugaring-Out in Acetonitrile−Water Systems},
	journal = {Journal of Chemical \& Engineering Data},
	year = {2010},
	volume = {55},
	number = {9},
	pages = {3803-3806},
	doi = {10.1021/je1003115},
% Verified 2016-11-18
}

@article{Dias2001,
	author = {Dias, J. C. T. and Rezende, R. P. and Linardi, V. R.},
	title = {Bioconversion of nitriles by \mo{Candida guilliermondii} CCT 7207 cells immobilized in barium alginate},
	journal = {Applied Microbiology and Biotechnology},
	year = {2001},
	volume = {56},
	number = {5},
	pages = {757-761},
	doi = {10.1007/s002530100681},
% Verified 2016-11-18
}

@article{DiGeronimo1976,
	author = {DiGeronimo, M. J. and Antoine, A. D.},
	title = {Metabolism of Acetonitrile and Propionitrile by \mo{Nocardia rhodochrous} LL100-21},
	journal = {Applied and Environmental Microbiology},
	volume = {31},
	number = {6},
	pages = {900-906},
	year = {1976},
	url = {http://aem.asm.org/content/31/6/900.abstract},
% Verified 2016-11-18
}

@article{Doco1990,
	author = {Doco, Thierry and Wieruszeski, Jean-Michel and Fournet, Bernard and Carcano, Didier and Ramos, Patricia and Loones, Alain},
	title = {Structure of an exocellular polysaccharide produced by \mo{Streptococcus thermophilus}},
	journal = {Carbohydrate Research},
	year = {1990},
	volume = {198},
	number = {2},
	pages = {313-321},
	doi = {10.1016/0008-6215(90)84301-A},
% Verified 2016-11-18
}

@article{Duetz2000,
	author = {Duetz, Wouter A. and Rüedi, Lorenz and Hermann, Robert and O'Connor, Kevin and Büchs, Jochen and Witholt, Bernard},
	title = {Methods for Intense Aeration, Growth, Storage, and Replication of Bacterial Strains in Microtiter Plates},
	journaltitle = {Applied and Environmental Microbiology},
	year = {2000},
	volume = {66},
	number = {6},
	pages = {2641-2646},
	doi = {10.1128/AEM.66.6.2641-2646.2000},
% Verified 2016-11-18
}

@article{Duetz2001,
	author = {Duetz, Wouter A. and Witholt, Bernard},
	title = {Effectiveness of orbital shaking for the aeration of suspended bacterial cultures in square-deepwell microtiter plates},
	journaltitle = {Biochemical Engineering Journal},
	year = {2001},
	volume = {7},
	number = {2},
	pages = {113-115},
	doi = {10.1016/S1369-703X(00)00109-1},
% Verified 2016-11-18
}

@article{Duetz2004,
	author = {Duetz, Wouter A. and Witholt, Bernard},
	title = {Oxygen transfer by orbital shaking of square vessels and deepwell microtiter plates of various dimensions},
	journaltitle = {Biochemical Engineering Journal},
	year = {2004},
	volume = {17},
	number = {3},
	pages = {181-185},
	doi = {10.1016/S1369-703X(03)00177-3},
% Verified 2016-11-18
}

@article{Duff1996,
	author = {Duff, Sheldon J. B. and Murray, William D.},
	title = {Bioconversion of forest products industry waste cellulosics to fuel ethanol: A review},
	journal = {Bioresource Technology},
	volume = {55},
	number = {1},
	pages = {1-33},
	year = {1996},
	doi = {10.1016/0960-8524(95)00122-0},
% Verified 2016-11-18
}

@article{Dunlop1946,
	author = {Dunlop, A. P. and Stout, Paul R. and Swadesh, Samuel},
	title = {Autoxidation of Furfural},
	journal = {Industrial \& Engineering Chemistry},
	year = {1946},
	volume = {38},
	number = {7},
	pages = {705-708},
	doi = {10.1021/ie50439a018},
% Verified 2016-11-18
}

@article{Dunlop1948,
	author = {Dunlop, A. P.},
	title = {Furfural Formation and Behavior},
	journaltitle = {Industrial \& Engineering Chemistry},
	year = {1948},
	volume = {40},
	number = {2},
	pages = {204-209},
	doi = {10.1021/ie50458a006},
% Verified 2016-11-18
}

@article{Englyst1984,
	author = {Englyst, Hans N. and Cummings, John H.},
	title = {Simplified Method for the Measurement of Total Non-starch Polysaccharides by Gas - Liquid Chromatography of Constituent Sugars as Alditol Acetates},
	journal = {Analyst},
	year = {1984},
	volume = {109},
	issue = {7},
	pages = {937-942},
	doi = {10.1039/AN9840900937},
% Verified 2016-11-18
}

@article{Esgalhado1995,
	author = {Esgalhado, M. Eugénia and Roseiro, J. Carlos and Collaço, M. T. Amaral},
	title = {Interactive Effects of pH and Temperature on Cell Growth and Polymer Production by \mo{Xanthomonas campestris}},
	journal = {Process Biochemistry},
	year = {1995},
	volume = {30},
	number = {7},
	pages = {667-671},
	doi = {10.1016/0032-9592(94)00044-1},
% Verified 2016-11-18
}

@article{Esgalhado2002,
	author = {Esgalhado, M. Eugénia and Caldeira, Ana Teresa and Roseiro, J. Carlos and Emery, A. Nick},
	title = {Sublethal acid stress and uncoupling effects on cell growth and product formation in \mo{Xanthomonas campestris} cultures},
	journal = {Biochemical Engineering Journal},
	year = {2002},
	volume = {12},
	number = {3},
	pages = {181-192},
	doi = {10.1016/S1369-703X(02)00070-0},
% Verified 2016-11-18
}

@article{Evans1982,
	author = {Evans, Neil A. and Hoyne, Peter A.},
	title = {A Fluorochrome from Aniline Blue: Structure, Synthesis and Fluorescence Properties},
	journal = {Australian Journal of Chemistry},
	year = {1982},
	volume = {35},
	number = {12},
	pages = {2571-2575},
	doi = {10.1071/CH9822571},
% Verified 2018-05-31
}

@article{Evans1984,
	author = {Evans, Neil A. and Hoyne, Peter A. and Stone, B. A.},
	title = {Characteristics and Specificity of the Interaction of a Fluorochrome from Aniline Blue (Sirofluor) with Polysaccharides},
	journal = {Carbohydrate Polymers},
	year = {1984},
	volume = {4},
	number = {3},
	pages = {215-230},
	doi = {10.1016/0144-8617(84)90012-2},
% Verified 2018-05-31
}

@misc{EURegulation11292011,
	author = {European Commission},
	title = {Commission Regulation (EU) No 1129/2011},
	subtitle = {amending Annex II to Regulation (EC) No 1333/2008 of the European Parliament and of the Council by establishing a Union list of food additives},
	journaltitle = {Official Journal of the European Union},
	date = {2011-11-11},
	pages = {L295/1-L295/177}
}

@inbook{Fan1982,
	author = {Fan, L. T. and Lee, Young-Hyun and Gharpuray, M. M.},
	chapter = {The nature of lignocellulosics and their pretreatments for enzymatic hydrolysis},
	booktitle = {Microbial Reactions},
	seriestitle = {Advances in Biochemical Engineering},
	year = {1982},
	volume = {23},
	publisher = {Springer Berlin Heidelberg},
	address = {Berlin, Heidelberg},
	pages = {157-187},
	isbn = {978-3-540-39465-5},
	doi = {10.1007/3540116982_4},
% Verified 2016-11-18
}

@article{Farina1998,
	author = {Fariña, J. I. and Siñeriz, F. and Molina, O. E. and Perotti, N. I.},
	title = {High scleroglucan production by \mo{Sclerotium rolfsii}: Influence of medium composition},
	journaltitle = {Biotechnology Letters},
	year = {1998},
	volume = {20},
	number = {9},
	pages = {825-831},
	doi = {10.1023/A:1005351123156},
% Verified 2016-11-18
}

@article{Farina2001,
	author = {Fariña, J. I. and Siñeriz, F. and Molina, O. E. and Perotti, N. I.},
	title = {Isolation and physicochemical characterization of soluble scleroglucan from \mo{Sclerotium rolfsii}. Rheological properties, molecular weight and conformational characteristics},
	journal = {Carbohydrate Polymers},
	year = {2001},
	volume = {44},
	number = {1},
	pages = {41-50},
	doi = {10.1016/S0144-8617(00)00189-2},
% Verified 2016-11-18
}

@article{Faulkner1973,
	author = {Faulkner, G. and Kimmins, W. C. and Brown, R. G.},
	title = {The use of fluorochromes for the identification of β(1→3) glucans},
	journal = {Canadian Journal of Botany},
	year = {1973},
	volume = {51},
	number = {8},
	pages = {1503-1504},
	doi = {10.1139/b73-190},
% Verified 2018-05-31
}

@article{Feather1970,
	author = {Feather, Milton S. and Harris, John F.},
	title = {On the mechanism of conversion of hexoses into 5-(hydroxymethyl)-2-furaldehyde and metasaccharinic acid},
	journal = {Carbohydrate Research},
	year = {1970},
	volume = {15},
	number = {2},
	pages = {304-309},
	doi = {10.1016/S0008-6215(00)88015-5},
% Verified 2016-11-18
}

@book{Fengel1989,
	author = {Fengel, Dietrich and Wegener, Gerd},
	title = {Wood: chemistry, ultrastructure, reactions},
	year = {1983},
	publisher = {De Gruyter},
	pages = {626},
	isbn = {9783110839654},
	url = {https://books.google.de/books?id=x1B4uITKnt0C},
% Verified 2016-11-18
}

@article{Fischer1955,
	author = {Fischer, F. G. and Dörfel, Helmut},
	title = {Die Polyuronsäuren der Braunalgen (Kohlenhydrate der Algen I)},
	journal = {Hoppe-Seyler's Zeitschrift für physiologische Chemie},
	year = {1955},
	volume = {302},
	number = {1-2},
	pages = {186-203},
	doi = {10.1515/bchm2.1955.302.1-2.186},
% Verified 2016-11-18
}

@article{Fischer2003,
	author = {Fischer, Sonia Elizabeth and Miguel, Marioli Juan and Mori, Gladys Beatriz},
	title = {Effect of root exudates on the exopolysaccharide composition and the lipopolysaccharide profile of \mo{Azospirillum brasilense} Cd under saline stress},
	journal = {FEMS Microbiology Letters},
	year = {2003},
	volume = {219},
	number = {1},
	pages = {53-62},
	doi = {10.1016/s0378-1097(02)01194-1},
% Verified 2016-11-18
}

@article{Foster2000,
	author = {Foster, L. J. R. and Moy, Y. P. and Rogers, P. L.},
	title = {Metal binding capabilities of \mo{Rhizobium etli} and its extracellular polymeric substances},
	journal = {Biotechnology Letters},
	year = {2000},
	volume = {22},
	number = {22},
	pages = {1757-1760},
	doi = {10.1023/A:1005694018653},
% Verified 2016-11-18
}

@article{Freitas2011,
	author = {Freitas, Filomena and Alves, Vítor D. and Reis, Maria A. M.},
	title = {Advances in bacterial exopolysacchardes: from production to biotechnological applications},
	journaltitle = {Trends in Biotechnology},
	year = {2011},
	volume = {29},
	number = {8},
	pages = {388-398},
	doi = {10.1016/j.tibtech.2011.03.008},
% Verified 2016-11-18
}

@article{Friedrich1979,
	author = {Friedrich, Cornelius G. and Bowien, Botho and Friedrich, Bärbel},
	title = {Formate and Oxalate Metabolism in \mo{Alcaligenes eutrophus}},
	journal = {Microbiology},
	year = {1979},
	volume = {115},
	number = {1},
	pages = {185-192},
	doi = {10.1099/00221287-115-1-185},
% Verified 2016-11-18
}

@article{Fukuchi1977,
	author = {Fukuchi, H. and Tsukiai, S. and Okada, K. and Tanimoto, T.},
	title = {Thermal degradation products of glucose solution},
	journal = {Hiroshima Journal of Anesthesia},
	volume = {13},
	pages = {3-10},
	year = {1977},
	usera = {alter Journalname: 広島麻酔医学会雑誌; aktueller Journalname: 麻酔と蘇生},
	userb = {online nicht verfügbar},
% Verified 2016-11-18
}

@inbook{Gandini2008,
	author = {Gandini, Alessandro and Belgacem, Mohamed Naceur},
	editor = {Gandini, Alessandro and Belgacem, Mohamed Naceur},
	chapter = {Chapter 1 - The State of the Art},
	booktitle = {Monomers, Polymers and Composites from Renewable Resources},
	year = {2008},
	publisher = {Elsevier},
	address = {Amsterdam},
	pages = {1-16},
	isbn = {978-0-08-045316-3},
	doi = {10.1016/B978-0-08-045316-3.00001-6},
% Verified 2016-11-18
}

@article{GarciaOchoa2000,
	author = {Garcı́a-Ochoa, F. and Santos, V. E. and Casas, J. A. and Gómez, E.},
	title = {Xanthan gum: production, recovery, and properties},
	journal = {Biotechnology Advances},
	year = {2000},
	volume = {18},
	number = {7},
	pages = {549-579},
	doi = {10.1016/S0734-9750(00)00050-1},
% Verified 2016-11-18
}

@article{Geyik2016,
	author = {Geyik, Ayse Gul and Kılıç, Başak and Çeçen, Ferhan},
	title = {Extracellular polymeric substances (EPS) and surface properties of activated sludges: effect of organic carbon sources},
	journal = {Environmental Science and Pollution Research},
	year = {2016},
	volume = {23},
	number = {2},
	pages = {1653-1663},
	doi = {10.1007/s11356-015-5347-0},
% Verified 2016-11-18
}

@article{Graham2000,
	author = {Graham, Daniel and Pereira, Rui and Barfield, Dominic and Cowan, Don},
	title = {Nitrile biotransformations using free and immobilized cells of a thermophilic \mo{Bacillus} spp.},
	journal = {Enzyme and Microbial Technology},
	year = {2000},
	volume = {26},
	number = {5–6},
	pages = {368-373},
	doi = {10.1016/S0141-0229(99)00169-6},
% Verified 2016-11-18
}

@article{Grobben1996,
	author = {Grobben, G. J. and Smith, M. R. and Sikkema, J. and de Bont, J. A. M.},
	title = {Influence of fructose and glucose on the production of exopolysaccharides and the activities of enzymes involved in the sugar metabolism and the synthesis of sugar nucleotides in \mo{Lactobacillus delbrueckii} subsp. \mo{bulgaricus} NCFB 2772},
	journaltitle = {Applied Microbiology and Biotechnology},
	year = {1996},
	volume = {46},
	number = {3},
	pages = {279-284},
	doi = {10.1007/s002530050817},
% Verified 2016-11-18
}

@article{Grobben1997,
	author = {Grobben, G. J. and van Casteren, W. H. M. and Schols, H. A. and Oosterveld, A. and Sala, G. and Smith, M. R. and Sikkema, J. and de Bont, J. A. M.},
	title = {Analysis of the exopolysaccharides produced by \mo{Lactobacillus delbrueckii} subsp. \mo{bulgaricus} NCFB 2772 grown in continuous culture on glucose and fructose},
	journaltitle = {Applied Microbiology and Biotechnology},
	year = {1997},
	volume = {48},
	number = {4},
	pages = {516-521},
	doi = {10.1007/s002530051089},
% Verified 2016-11-18
}

@article{Grote1875,
	author = {von Grote, A. and Tollens, B.},
	title = {Untersuchungen über Kohlenhydrate. I. Ueber die bei Einwirkung von Schwefelsäure auf Zucker entstehende Säure (Levulinsäure)},
	journal = {Justus Liebigs Annalen der Chemie},
	year = {1875},
	volume = {175},
	number = {1-2},
	pages = {181-204},
	doi = {10.1002/jlac.18751750113},
% Verified 2016-11-18
}

@incollection{Gschwend2017,
	author = {Gschwend, Florence J. V. and Brandt-Talbot, Agnieszka and Chambon, Clementine L. and Hallett, Jason P.},
	booktitle = {{ACS} Symposium Series},
	title = {Ultra-Low Cost Ionic Liquids for the Delignification of Biomass},
	publisher = {American Chemical Society},
	year  = {2017},
	pages = {209--223},
	doi = {10.1021/bk-2017-1250.ch009},
% Unverified
}

@article{Han1990,
	author = {Han, Youn W. and Clarke, Margaret A.},
	title = {Production and Characterization of Microbial Levan},
	journal = {Journal of Agricultural and Food Chemistry},
	year = {1990},
	volume = {38},
	number = {2},
	pages = {393-396},
	doi = {10.1021/jf00092a011},
% Verified 2016-11-18
}

@article{Harada1969,
	author = {Harada, Michio and Shigeta, Shosuke and Ueno, Takahiro},
	title = {Metabolism of Levulinic Acid by Microorganisms Part I. Isolation and Identification of Levulinic Acid-utilizing Bacteria},
	origtitle = {微生物によるレブリン酸の代謝　(第１報)　レブリン酸資化性細菌の検索},
	journaltitle = {Nippon Nougeikagaku Kaishi},
	year = {1969},
	volume = {43},
	number = {11},
	pages = {739-746},
	usera = {Original journal title: 日本農芸化学会誌. 日本 = Nippon = Japan, 農芸化学 = Nougeikagaku = Agricultural Chemistry, 会誌 = Kaishi = Society Journal},
% Verified 2018-05-31
}

@article{Hashimoto1998,
	author = {Hashimoto, Wataru and Miki, Hikaru and Tsuchiya, Noriaki and Nankai, Hirokazu and Murata, Kousaku},
	title = {Xanthan Lyase of \mo{Bacillus} sp. Strain GL1 Liberates Pyruvylated Mannose from Xanthan Side Chains},
	journal = {Applied and Environmental Microbiology},
	year = {1998},
	volume = {64},
	number = {10},
	pages = {3765-3768},
	url = {http://aem.asm.org/content/64/10/3765.abstract},
% Verified 2016-11-18
}

@article{Heimlich1960,
	author = {Heimlich, Kenneth R. and Martin, Alfred N.},
	title = {A Kinetic Study of Glucose Degradation in Acid Solution},
	journal = {Journal of the American Pharmaceutical Association},
	year = {1960},
	volume = {49},
	number = {9},
	pages = {592-597},
	doi = {10.1002/jps.3030490909},
% Verified 2016-11-18
}

@article{Herlihy1987,
	author = {Herlihy, Linda Jolley and Galloway, James N. and Mills, Aaron L.},
	title = {Bacterial utilization of formic and acetic acid in rainwater},
	journal = {Atmospheric Environment},
	year = {1987},
	volume = {21},
	number = {11},
	pages = {2397-2402},
	doi = {10.1016/0004-6981(87)90374-X},
% Verified 2016-11-18
}

@article {Hermann2003,
	author = {Hermann, Robert and Lehmann, Mathias and Büchs, Jochen},
	title = {Characterization of Gas–Liquid Mass Transfer Phenomena in Microtiter Plates},
	journaltitle = {Biotechnology and Bioengineering},
	year = {2003},
	volume = {81},
	number = {2},
	pages = {178-186},
	doi = {10.1002/bit.10456},
% Verified 2016-11-18
}

@article{Hia2004,
	author = {Hia, Hui Ching and Jang, Jin-Ho and Ike, Michihiko and Inoue, Chiyo and Fujita, Masanori and Yoshida, Toshiomi},
	title = {Improved borate method for the rapid distinction of glucosamine and galactosamine in an exopolysaccharide produced by \mo{Citrobacter} sp.},
	journal = {Biotechnology Letters},
	year = {2004},
	volume = {26},
	number = {16},
	pages = {1307-1311},
	usera = {Not available online},
% Verified 2016-11-18
}

@article{Hirst1958,
	author = {Hirst, E. L.},
	title = {Polysaccharides of the Marine Algae},
	journal = {Proceedings of the Chemical Society},
	year = {1958},
	number = {July},
	pages = {177-204},
	doi = {10.1039/PS9580000177},
% Verified 2016-11-18
}

@article{Hisamatsu1997,
	author = {Hisamatsu, Makoto and Nomura, Syuhei and Shutsrirung, Arawan and Obata, Hitoshi and Teranishi, Katsunori and Yamada, Tetsuya and Nuswantara, Sukma and Yamashita, Mitsuo and Murooka, Yoshikatsu},
	title = {Structural Characterization of a New Acidic Exopolysaccharide and Cyclic (1→2) β-Glucan Produced by \mo{Rhizobium huakuii} Forming Nodules on \mo{Astragalus sinicus}},
	journal = {Journal of Fermentation and Bioengineering},
	year = {1997},
	volume = {83},
	number = {4},
	pages = {315-320},
	doi = {10.1016/S0922-338X(97)80135-3},
% Verified 2016-11-18
}

@article{Hon1992,
	author = {Hon, David Nyok-Sai},
	title = {Chemical Modification of Lignocellulosic Materials: Old Chemistry, New Approaches},
	journal = {Polymer News},
	year = {1992},
	volume = {17},
	number = {4},
	pages = {102-107},
% Verified 2016-11-18
}

@article{Honda1989,
	author = {Honda, Susumu and Akao, Eiko and Suzuki, Shigeo and Okuda, Masahiro and Kakehi, Kazuaki and Nakamura, Jun},
	title = {High-Performance Liquid Chromatography of Reducing Carbohydrates as Strongly Ultraviolet-Absorbing and Electrochemically Sensitive 1-Phenyl-3-methyl-5-pyrazolone Derivatives},
	journaltitle = {Analytical Biochemistry},
	year = {1989},
	volume = {180},
	number = {2},
	pages = {351-357},
	doi = {10.1016/0003-2697(89)90444-2},
% Verified 2016-11-18
}

@article{Horvat1985,
	author = {Horvat, Jaroslav and Klaić, Branimir and Metelko, Biserka and Šunjić, Vitomir},
	title = {Mechanism of levulinic acid formation},
	journal = {Tetrahedron Letters},
	year = {1985},
	volume = {26},
	number = {17},
	pages = {2111-2114},
	doi = {10.1016/S0040-4039(00)94793-2},
% Verified 2016-11-18
}

@article{Hult2007,
	author = {Hult, Karl and Berglund, Per},
	title = {Enzyme promiscuity: mechanism and applications},
	journal = {Trends in Biotechnology},
	year = {2007},
	volume = {25},
	number = {5},
	pages = {231-238},
	doi = {10.1016/j.tibtech.2007.03.002},
% Verified 2016-11-18
}

@misc{Illumina2011a,
	author = {{Illumina, Inc.}},
	title = {TruSeq Small RNA Sample Preparation Guide},
	year = {2011},
	pages = {44},
	note = {Part no.: 15004197 Rev. C},
% Verified 2018-05-31
}

@misc{Illumina2011b,
	author = {{Illumina, Inc.}},
	title = {TruSeq DNA Sample Preparation v2 Guide},
	year = {2011},
	pages = {118},
	note = {Part no.: 15026486 Rev. A},
% Verified 2018-05-31
}

@misc{Implen2013,
	author = {{Implen GmbH}},
	title = {NanoPhotometer P-Class User Manual P 300 / P 330 / P 360},
	year = {2013},
	pages = {70},
	note = {Version: 2.1},
% Verified 2018-05-31
}

@misc{Invitrogen2006,
	author = {{Invitrogen, Ltd.}},
	title = {Amplex Red Glucose/Glucose Oxidase Assay Kit},
	year = {2006},
	pages = {7},
	note = {MP 22189},
% Verified 2018-05-31
}

@misc{IUCNRedList20154,
	author = {{International Union for Conservation of Nature and Natural Resources}},
	title = {The IUCN Red List of Threatened Species},
	note = {Version 2015-4},
	url = {http://www.iucnredlist.org/},
	urldate = {2016-03-21},
% Verified 2018-05-31
}

@book{IUPACgoldbook,
	author = {Nič, Miloslav and Jirát, Jiří and Košata, Bedřich and Jenkins, Aubrey and McNaught, Alan},
	editor = {{IUPAC}},
	isbn = {0-9678550-9-8},
	title = {Compendium of Chemical Terminology},
	year = {2014},
	version = {2.3.3},
	doi = {10.1351/goldbook},
% Verified 2018-05-31
}

@article{Jang1996,
	author = {Jang, J.-H. and Rogers, P. L.},
	title = {Effect of levulinic acid on cell growth and poly-β-hydroxyalkanoate production by \mo{Alcaligenes} sp. SH-69},
	journal = {Biotechnology Letters},
	year = {1996},
	volume = {18},
	number = {2},
	pages = {219-224},
	doi = {10.1007/BF00128683},
% Verified 2016-11-18
}

@article{Jansson1975,
	author = {Jansson, Per-Erik and Kenne, Lennart and Lindberg, Bengt},
	title = {Structure of the extracellular polysaccharide from \mo{Xanthomonas campestris}},
	journal = {Carbohydrate Research},
	year = {1975},
	volume = {45},
	number = {1},
	pages = {275-282},
	doi = {10.1016/S0008-6215(00)85885-1},
% Verified 2016-11-18
}

@article{Johnson1963,
	author = {Johnson, Jr., J. and Kirkwood, S. and Misaki, A. and Nelson, T. E. and Scaletti, J. V. and Smith, F.},
	title = {Structure of a New Glucan},
	journaltitle = {Chemistry \& Industry},
	year = {1963},
	volume = {36},
	pages = {820-822},
% Verified 2016-11-18
}

@article{Jonsson1998,
	author = {Jönsson, L. J. and Palmqvist, E. and Nilvebrant, N.-O. and Hahn-Hägerdal, B.},
	title = {Detoxification of wood hydrolysates with laccase and peroxidase from the white-rot fungus \mo{Trametes versicolor}},
	journaltitle = {Applied Microbiology and Biotechnology},
	year = {1998},
	volume = {49},
	number = {6},
	pages = {691-697},
	doi = {10.1007/s002530051233},
% Verified 2016-11-18
}

@article{Kai2003,
	author = {Kai, Akira and Kikawa, Masayuki and Hatanaka, Kenichi and Matsuzaki, Kei and Mimura, Tohru and Kaneko, Yutaro},
	title = {Biosynthesis of hetero-polysaccharides by \mo{Pestalotiopsis microspora} from various monosaccharides as carbon source},
	journaltitle = {Carbohydrate Polymers},
	year = {2003},
	volume = {54},
	number = {3},
	pages = {381-383},
	doi = {10.1016/S0144-8617(03)00166-8},
% Verified 2016-11-18
}

@article{Kao2006,
	author = {Kao, C. M. and Chen, K. F. and Liu, J. K. and Chou, S. M. and Chen, S. C.},
	title = {Enzymatic degradation of nitriles by \mo{Klebsiella oxytoca}},
	journal = {Applied Microbiology and Biotechnology},
	year = {2006},
	volume = {71},
	number = {2},
	pages = {228-233},
	doi = {10.1007/s00253-005-0129-0},
% Verified 2016-11-18
}

@article{Kashiwagi1981,
	author = {Kashiwagi, Y. and Norisuye, T. and Fujita, H.},
	title = {Triple Helix of \mo{Schizophyllum commune} Polysaccharide in Dilute Solution. 4. Light Scattering and Viscosity in Dilute Aqueous Sodium Hydroxide},
	journaltitle = {Macromolecules},
	year = {1981},
	volume = {14},
	number = {5},
	pages = {1220-1225},
	doi = {10.1021/ma50006a016},
% Verified 2016-11-18
}

@article{Keenan2004,
	author = {Keenan, Thomas M. and Tanenbaum, Stuart W. and Stipanovic, Arthur J. and Nakas, James P.},
	title = {Production and Characterization of Poly-β-hydroxyalkanoate Copolymers from \mo{Burkholderia cepacia} Utilizing Xylose and Levulinic Acid},
	journal = {Biotechnology Progress},
	year = {2004},
	volume = {20},
	number = {6},
	pages = {1697-1704},
	doi = {10.1021/bp049873d},
% Verified 2016-11-18
}

@article{Kikumoto1970,
	author = {Kikumoto, Shoichi and Miyajima, Toru and Yoshizumi, Satoshi and Fujimoto, Shiro and Kimura, Keitaro},
	title = {Polysaccharide Produced by \mo{Schizophyllum commune} Part I. Formation and Some Properties of an Extracellular Polysaccharide},
	journaltitle = {Nippon Shokuhin Kogyo Gakkaishi},
	year = {1970},
	volume = {44},
	number = {8},
	pages = {337-342},
	url = {https://www.jstage.jst.go.jp/article/nogeikagaku1924/44/8/44_8_337/_pdf},
	usera = {Original title: スエヒロタケの生産する多糖に関する研究(第1報). Original journal title: 日本食品工業学会誌. 日本 = Nippon = Japan, 食品 = Shokuhin = Food, 工業 = Kogyo = (manufacturing) industry, 学会誌 = Gakkaishi = Scientific Society Journal},
% Verified 2016-11-18
}

@article{Kikumoto1971,
	author = {Kikumoto, Shoichi and Miyajima, Toru and Kimura, Keitaro and Okubo, Sachie and Komatsu, Nobuhiko},
	title = {Polysaccharide Produced by \mo{Schizophyllum commune} Part II. Chemical Structure of an Extracellular Polysaccharide},
	journaltitle = {Nippon Shokuhin Kogyo Gakkaishi},
	year = {1971},
	volume = {45},
	number = {4},
	pages = {162-168},
	url = {https://www.jstage.jst.go.jp/article/nogeikagaku1924/45/4/45_4_162/_pdf},
	usera = {Original title: スエヒロタケの生産する多糖に関する研究(第2報). Original journal title: 日本食品工業学会誌. 日本 = Nippon = Japan, 食品 = Shokuhin = Food, 工業 = Kogyo = (manufacturing) industry, 学会誌 = Gakkaishi = Scientific Society Journal},
% Verified 2016-11-18
}

@article{Klinke2004,
	author = {Klinke, H. B. and Thomsen, A. B. and Ahring, B. K.},
	title = {Inhibition of ethanol-producing yeast and bacteria by degradation products produced during pre-treatment of biomass},
	journal = {Applied Microbiology and Biotechnology},
	year = {2004},
	volume = {66},
	number = {1},
	pages = {10-26},
	doi = {10.1007/s00253-004-1642-2},
% Verified 2016-11-18
}

@article{Klyosov1986,
	author = {Klyosov, Anatole A. and Mitkevich, Olga V. and Sinitsyn, Arkady P.},
	title = {Role of the Activity and Adsorption of Cellulases in the Efficiency of the Enzymic Hydrolysis of Amorphous and Crystalline Cellulose},
	journal = {Biochemistry},
	year = {1986},
	volume = {25},
	number = {3},
	pages = {540-542},
	doi = {10.1021/bi00351a003},
% Verified 2016-11-18
}

@article{Ko2004,
	author = {Ko, Yuan-Tih and Lin, Yu-Ling},
	title = {1,3-β-Glucan Quantification by a Fluorescence Microassay and Analysis of Its Distribution in Foods},
	journal = {Journal of Agricultural and Food Chemistry},
	year = {2004},
	volume = {52},
	number = {11},
	pages = {3313-3318},
	doi = {10.1021/jf0354085},
% Verified 2018-05-31
}

@article{Koenig2017,
	author = {Koenig, Steven and Rühmann, Broder and Sieber, Volker and Schmid, Jochen},
	title = {Quantitative assay of β-(1,3)–β-(1,6)–glucans from fermentation broth using aniline blue},
	journal = {Carbohydrate Polymers},
	year = {2017},
	volume = {174},
	pages = {57-64},
	doi = {10.1016/j.carbpol.2017.06.047},
% Verified 2018-02-18
}

@article{Konagurthu2013,
	author = {Konagurthu, Arun Siddharth and Collier, James H.},
	title = {An information measure for comparing top k lists},
	journal = {Computing Research Repository},
	volume = {abs/1310.0110},
	year = {2013},
	url = {http://arxiv.org/abs/1310.0110},
% Verified 2016-11-18
}

@article{Koopman2010,
	author = {Koopman, Frank and Wierckx, Nick and de Winde, Johannes H. and Ruijssenaars, Harald J.},
	title = {Identification and characterization of the furfural and 5-(hydroxymethyl)furfural degradation pathways of \mo{Cupriavidus basilensis} HMF14},
	journal = {Proceedings of the National Academy of Sciences},
	volume = {107},
	number = {11},
	pages = {4919-4924},
	year = {2010},
	doi = {10.1073/pnas.0913039107},
% Verified 2016-11-18
}

@article{Kosa2013,
	author = {Kosa, Matyas and Ragauskas, Arthur J.},
	title = {Lignin to lipid bioconversion by oleaginous \mo{Rhodococci}},
	journal = {Green Chemistry},
	year = {2013},
	volume = {15},
	issue = {8},
	pages = {2070-2074},
	doi = {10.1039/C3GC40434J},
% Verified 2016-11-18
}

@article{Kumar1998,
	author = {Kumar, C. Ganesh and Anand, S. K.},
	title = {Significance of microbial biofilms in food industry: a review},
	journal = {International Journal of Food Microbiology},
	year = {1998},
	volume = {42},
	number = {1–2},
	pages = {9-27},
	doi = {10.1016/S0168-1605(98)00060-9},
% Verified 2016-11-18
}

@article{Kumar2007,
	author = {Kumar, Anita Suresh and Mody, Kalpana and Jha, Bhavanath},
	title = {Bacterial exopolysaccharides – a perception},
	journaltitle = {Journal of Basic Microbiology},
	year = {2007},
	volume = {47},
	number = {2},
	pages = {103-117},
	doi = {10.1002/jobm.200610203},
% Verified 2016-11-18
}

@article{Kurita1977,
	author = {Kurita, Keisuke and Sannan, Takanori and Iwakura, Yoshio},
	title = {Studies on chitin, 4. Evidence for Formation of Block and Random Copolymers of \textit{N}-Acetyl-\textsc{D}-glucosamine and \textsc{D}-Glucosamine by Hetero- and Homogeneous Hydrolyses},
	journal = {Makromolekulare Chemie},
	year = {1977},
	volume = {178},
	number = {12},
	pages = {3197-3202},
	doi = {10.1002/macp.1977.021781203},
% Verified 2016-11-18
}

@article{Langdahl1996,
	author = {Langdahl, Bjarne R. and Bisp, Peter and Ingvorsen, Kjeld},
	title = {Nitrile hydrolysis by \mo{Rhodococcus erythropolis} BL1, an acetonitrile-tolerant strain isolated from a marine sediment},
	journal = {Microbiology},
	year = {1996},
	volume = {142},
	number = {1},
	pages = {145-154},
	doi = {10.1099/13500872-142-1-145},
% Verified 2016-11-18
}

@article{Lapierre1983,
	author = {Lapierre, Catherine and Rolando, C. and Monties, B.},
	title = {Characterization of Poplar Lignins Acidolysis Products: Capillary Gas-Liquid and Liquid-Liquid Chromatography of Monomeric Compounds},
	journal = {Holzforschung},
	year = {1983},
	volume = {37},
	number = {4},
	pages = {189-198},
	doi = {10.1515/hfsg.1983.37.4.189},
	usera = {Angabe zum Journaltitel auf Verlagsseite: Holzforschung - International Journal of the Biology, Chemistry, Physics and Technology of Wood},
% Verified 2016-11-18
}

@article{Larkin2007,
	author = {Larkin, M. A. and Blackshields, G. and Brown, N. P. and Chenna, R. and McGettigan, P. A. and McWilliam, H. and Valentin, F. and Wallace, I. M. and Wilm, A. and Lopez, R. and Thompson, J. D. and Gibson, T. J. and Higgins, D. G.},
	title = {Clustal W and Clustal X version 2.0},
	journaltitle = {Bioinformatics},
	year = {2007},
	volume = {23},
	number = {21},
	pages = {2947-2948},
	doi = {10.1093/bioinformatics/btm404},
% Verified 2016-11-18
}

@article{Larsson1999,
	author = {Larsson, Simona and Palmqvist, Eva and Hahn-Hägerdal, Bärbel and Tengborg, Charlotte and Stenberg, Kerstin and Zacchi, Guido and Nilvebrant, Nils-Olof},
	title = {The generation of fermentation inhibitors during dilute acid hydrolysis of softwood},
	journal = {Enzyme and Microbial Technology},
	volume = {24},
	number = {3–4},
	pages = {151-159},
	year = {1999},
	doi = {10.1016/S0141-0229(98)00101-X},
% Verified 2016-11-18
}

@article{Lee1995,
	author = {Lee, JaeHoon and Cho, Soo-Muk and Ko, Kyung-Soo and Yoo, Ick-Dong},
	title = {Effect of Cultural Conditions on Polysaccharide Production and its Monosaccharide Composition in \mo{Phellinus linteus} L13202},
	journaltitle = {Korean Journal of Mycology},
	year = {1995},
	volume = {23},
	number = {4},
	pages = {325-331},
% Verified 2016-11-18
}

@article{Lee1997,
	author = {Lee, I. Y. and Seo, W. T. and Kim, G. J. and Kim, M. K. and Ahn, S. G. and Kwon, G. S. and Park, Y. H.},
	title = {Optimization of fermentation conditions for production of exopolysaccharide by Bacillus polymyxa},
	journaltitle = {Bioprocess Engineering},
	year = {1997},
	volume = {16},
	number = {2},
	pages = {71-75},
	doi = {10.1007/s004490050290},
% Verified 2016-11-18
}

@article{Lee1999,
	author = {Lee, Kyu Min and Lee, Shin Young and Lee, Hyeon Yong},
	title = {Bistage Control of pH for Improving Exopolysaccharide Production from Mycelia of \mo{Ganoderma lucidum} in an Air-Lift Fermentor},
	journal = {Journal of Bioscience and Bioengineering},
	year = {1999},
	volume = {88},
	number = {6},
	pages = {646-650},
	doi = {10.1016/S1389-1723(00)87094-2},
% Verified 2016-11-18
}

@article{Lee2007,
	author = {Lee, Wi Young and Park, Youngki and Ahn, Jin Kwon and Ka, Kang Hyeon and Park, So Young},
	title = {Factors influencing the production of endopolysaccharide and exopolysaccharide from \mo{Ganoderma applanatum}},
	journaltitle = {Enzyme and Microbial Technology},
	year = {2007},
	volume = {40},
	number = {2},
	pages = {249-254},
	doi = {10.1016/j.enzmictec.2006.04.009},
% Verified 2016-11-18
}

@article{Li2007,
	author = {Li, Tinggang and Liu, Junxin and Bai, Renbi and Ohandja, Dieudonne-Guy and Wong, Fook-Sin},
	title = {Biodegradation of organonitriles by adapted activated sludge consortium with acetonitrile-degrading microorganisms},
	journal = {Water Research},
	year = {2007},
	volume = {41},
	number = {15},
	pages = {3465-3473},
	doi = {10.1016/j.watres.2007.04.033},
% Verified 2016-11-18
}

@article{Li2013,
	author = {Li, Ou and Lu, Cui and Liu, Ao and Zhu, Liang and Wang, Pin-Mei and Qian, Chao-Dong and Jiang, Xin-Hang and Wu, Xue-Chang},
	title = {Optimization and characterization of polysaccharide-based bioflocculant produced by \mo{Paenibacillus elgii} B69 and its application in wastewater treatment},
	journal = {Bioresource Technology},
	year = {2013},
	volume = {134},
	pages = {87-93},
	doi = {10.1016/j.biortech.2013.02.013},
% Verified 2016-11-18
}

@article{Liang2015,
	author = {Liang, Tzu-Wen and Wang, San-Lang},
	title = {Recent Advances in Exopolysaccharides from \mo{Paenibacillus} spp.: Production, Isolation, Structure, and Bioactivities},
	journal = {Marine Drugs},
	year = {2015},
	volume = {13},
	number = {4},
	pages = {1847-1863},
	doi = {10.3390/md13041847},
% Verified 2016-11-18
}

@article{Liebergesell2000,
	author = {Liebergesell, M. and Rahalkar, S. and Steinbüchel, A.},
	title = {Analysis of the \mo{Thiocapsa pfennigii} polyhydroxyalkanoate synthase: subcloning, molecular characterization and generation of hybrid synthases with the corresponding \mo{Chromatium vinosum} enzyme},
	journaltitle = {Applied Microbiology and Biotechnology},
	year = {2000},
	volume = {54},
	number = {2},
	pages = {186-194},
	doi = {10.1007/s002530000375},
% Verified 2016-11-18
}

@article{Liu2004,
	author = {Liu, Z. L. and Slininger, P. J. and Dien, B. S. and Berhow, M. A. and Kurtzman, C. P. and Gorsich, S. W.},
	title = {Adaptive response of yeasts to furfural and 5-hydroxymethylfurfural and new chemical evidence for HMF conversion to 2,5-bis-hydroxymethylfuran},
	journal = {Journal of Industrial Microbiology and Biotechnology},
	year = {2004},
	volume = {31},
	number = {8},
	pages = {345-352},
	doi = {10.1007/s10295-004-0148-3},
% Verified 2016-11-18
}

@article{Liu2009,
	author = {Liu, Jun and Luo, Jianguang and Ye, Hong and Sun, Yi and Lu, Zhaoxin and Zeng, Xiaoxiong},
	title = {Production, characterization and antioxidant activities \textit{in vitro} of exopolysaccharides from endophytic bacterium \mo{Paenibacillus polymyxa} EJS-3},
	journal = {Carbohydrate Polymers},
	year = {2009},
	volume = {78},
	number = {2},
	pages = {275-281},
	doi = {10.1016/j.carbpol.2009.03.046},
% Verified 2016-11-18
}

@article{Lopes2008,
	author = {Lopes, João F. and Gaspar, Elvira M.S.M.},
	title = {Simultaneous chromatographic separation of enantiomers, anomers and structural isomers of some biologically relevant monosaccharides},
	journaltitle = {Journal of Chromatography A},
	year = {2008},
	volume = {1188},
	number = {1},
	pages = {34-42},
	doi = {10.1016/j.chroma.2007.12.016},
% Verified 2018-05-31
}

@article{Lopes2009,
	author = {Lopes, Mateus Schreiner Garcez and Rocha, Rafael Costa Santos and Zanotto, Sandra Patricia and Gomez, José Gregório Cabrera and da Silva, Luiziana Ferreira},
	title = {Screening of bacteria to produce polyhydroxyalkanoates from xylose},
	journal = {World Journal of Microbiology and Biotechnology},
	year = {2009},
	volume = {25},
	number = {10},
	pages = {1751-1756},
	doi = {10.1007/s11274-009-0072-9},
	usera = {Likely it's Garcez Lopes, Mateus Schreiner and Santos Rocha, Rafael Costa and Cabrera Gomez, José Gregório},
% Verified 2016-11-18
}

@article{Lopez2004a,
	author = {López, M. J. and Nichols, N. N. and Dien, B. S. and Moreno, J. and Bothast, R. J.},
	title = {Isolation of microorganisms for biological detoxification of lignocellulosic hydrolysates},
	journal = {Applied Microbiology and Biotechnology},
	year = {2004},
	volume = {64},
	number = {1},
	pages = {125-131},
	doi = {10.1007/s00253-003-1401-9},
% Verified 2016-11-18
}

@article{Lopez2004b,
	author = {López, M. J. and Vargas-Garcı́a, M. C. and Suarez-Estrella, F. and Moreno, J.},
	title = {Properties of xanthan obtained from agricultural wastes acid hydrolysates},
	journal = {Journal of Food Engineering},
	year = {2004},
	volume = {63},
	number = {1},
	pages = {111-115},
	doi = {10.1016/S0260-8774(03)00289-9},
% Verified 2016-11-18
}

@article{Ma1995a,
	author = {Ma, L. and Barbosa-Cánovas, G. V.},
	title = {Rheological Characterization of Mayonnaise. Part I: Slippage at Different Oil and Xanthan Gum Concentrations},
	journal = {Journal of Food Engineering},
	year = {1995},
	volume = {25},
	number = {3},
	pages = {397-408},
	note = {Food Rheology},
	doi = {10.1016/0260-8774(94)00011-W},
% Verified 2016-11-18
}

@article{Ma1995b,
	author = {Ma, L. and Barbosa-Cánovas, G. V.},
	title = {Rheological Characterization of Mayonnaise. Part II: Flow and Viscoelastic Properties at Different Oil and Xanthan Gum Concentrations},
	journal = {Journal of Food Engineering},
	year = {1995},
	volume = {25},
	number = {3},
	pages = {409-425},
	note = {Food Rheology},
	doi = {10.1016/0260-8774(94)00010-7},
% Verified 2016-11-18
}

@misc{Mack2007,
	author = {Mack, Mathias and Wiedemann, Philipp and Schlosser, Kerstin and Uhl, Sonja},
	title = {Skript zum Mikrobiologischen Praktikum},
	year = {2007},
	pages = {72},
	note = {WS 2007/2008},
% Verified 2018-05-31
}

@article{Madden1986,
	author = {Madden, J. K. and Dea, I. C. M. and Steer, D. C.},
	title = {Structural and Rheological Properties of the Extracellular Polysaccharides from \mo{Bacillus polymyxa}},
	journal = {Carbohydrate Polymers},
	year = {1986},
	volume = {6},
	number = {1},
	pages = {51-73},
	doi = {10.1016/0144-8617(86)90012-3},
% Verified 2016-11-18
}

@article{Maier2001,
	author = {Maier, Ulrike and Büchs, Jochen},
	title = {Characterisation of the gas–liquid mass transfer in shaking bioreactors},
	journaltitle = {Biochemical Engineering Journal},
	year = {2001},
	volume = {7},
	number = {2},
	pages = {99-106},
	doi = {10.1016/S1369-703X(00)00107-8},
% Verified 2016-11-18
}

@article{Martin2011,
	author = {Marcel Martin},
	title = {Cutadapt Removes Adapter Sequences from High-throughput Sequencing Reads},
	journaltitle = {EMBnet.journal},
	year = {2011},
	volume = {17},
	number = {1},
	pages = {10-12},
	doi = {10.14806/ej.17.1.200},
% Verified 2016-11-18
}

@article{McComb1957,
	author = {McComb, E. A. and McCready, R. M.},
	title = {Determination of Acetyl in Pectin and in Acetylated Carbohydrate Polymers},
	journal = {Analytical Chemistry},
	year = {1957},
	volume = {29},
	number = {5},
	pages = {819-821},
	doi = {10.1021/ac60125a025},
% Verified 2016-11-18
}

@article{McRae2011,
	author = {McRae, G. and Monreal, C. M.},
	title = {LC-MS/MS quantitative analysis of reducing carbohydrates in soil solutions extracted from crop rhizospheres},
	journaltitle = {Analytical and Bioanalytical Chemistry},
	year = {2011},
	volume = {400},
	number = {7},
	pages = {2205-2215},
	doi = {10.1007/s00216-011-4940-4},
% Verified 2016-11-18
}

@article{Milas1986,
	author = {Milas, Michel and Rinaudo, Marguerite},
	title = {Properties of xanthan gum in aqueous solutions: Role of the conformational transition},
	journal = {Carbohydrate Research},
	volume = {158},
	pages = {191-204},
	year = {1986},
	doi = {10.1016/0008-6215(86)84017-4},
% Verified 2016-11-18
}

@article{Mohanty2000,
	author = {Mohanty, A. K. and Misra, M. and Hinrichsen, G.},
	title = {Biofibres, biodegradable polymers and biocomposites: An overview},
	journal = {Macromolecular Materials and Engineering},
	year = {2000},
	volume = {276-277},
	number = {1},
	pages = {1-24},
	doi = {10.1002/(SICI)1439-2054(20000301)276:1<1::AID-MAME1>3.0.CO;2-W},
% Verified 2016-11-18
}

@article{Morgulis2008,
	author = {Morgulis, Aleksandr and Coulouris, George and Raytselis, Yan and Madden, Thomas L. and Agarwala, Richa and Schäffer, Alejandro A.},
	title = {Database indexing for production MegaBLAST searches},
	journaltitle = {Bioinformatics},
	year = {2008},
	volume = {24},
	number = {16},
	pages = {1757-1764},
	doi = {10.1093/bioinformatics/btn322},
% Verified 2016-11-18
}

@article{Mort1982,
	author = {Mort, A. J. and Bauer, W. D.},
	title = {Application of Two New Methods for Cleavage of Polysaccharides into Specific Oligosaccharide Fragments. Structure of the capsular and extracellular polysaccharides of \mo{Rhizobium japonicum} that bind soybean lectin.},
	journal = {Journal of Biological Chemistry},
	year = {1982},
	volume = {257},
	number = {4},
	pages = {1870-1875},
	url = {http://www.jbc.org/content/257/4/1870.abstract},
% Verified 2016-11-18
}

@article{Moxnes1998,
	author = {Moxnes, Erling},
	title = {Overexploitation of renewable resources: The role of misperceptions},
	journal = {Journal of Economic Behavior \& Organization},
	year = {1998},
	volume = {37},
	number = {1},
	pages = {107-127},
	doi = {10.1016/S0167-2681(98)00079-1},
% Verified 2016-11-18
}

@article{Nawaz1989,
	author = {Nawaz, Mohamed S. and Chapatwala, Kirit D. and Wolfram, James H.},
	title = {Degradation of Acetonitrile by \mo{Pseudomonas putida}},
	journal = {Applied and Environmental Microbiology},
	year = {1989},
	volume = {55},
	number = {9},
	pages = {2267-2274},
	url = {http://aem.asm.org/content/55/9/2267.abstract},
% Verified 2016-11-18
}

@article{Nishikawa1988,
	author = {Nishikawa, Nora K. and Sutcliffe, Roger and Saddler, John N.},
	title = {The influence of lignin degradation products on xylose fermentation by \mo{Klebsiella pneumoniae}},
	journaltitle = {Applied Microbiology and Biotechnology},
	year = {1988},
	volume = {27},
	number = {5},
	pages = {549-552},
	doi = {10.1007/BF00451630},
% Verified 2016-11-18
}

@article{Nitschke2011,
	author = {Nitschke, Jörg and Modick, Hendrik and Busch, Ekkehard and von Rekowski, Reimund Wantoch and Altenbach, Hans-Josef and Mölleken, Helga},
	title = {A new colorimetric method to quantify β-1,3-1,6-glucans in comparison with total β-1,3-glucans in edible mushrooms},
	journal = {Food Chemistry},
	year = {2011},
	volume = {127},
	number = {2},
	pages = {791-796},
	doi = {10.1016/j.foodchem.2010.12.149},
% Verified 2018-05-31
}

@article{Nolte1992,
	author = {Nolte, Heike and John, Sabine and Smidsrød, Olav and Stokke, Bjørn T.},
	title = {Gelation of xanthan with trivalent metal ions},
	journal = {Carbohydrate Polymers},
	volume = {18},
	number = {4},
	pages = {243-251},
	year = {1992},
	doi = {10.1016/0144-8617(92)90089-9},
% Verified 2016-11-18
}

@article{Norisuye1980,
	author = {Norisuye, Takashi and Yanaki, Toshio and Fujita, Hiroshi},
	title = {Triple Helix of a \mo{Schizophyllum Commune} Polysaccharide in Aqueous Solution},
	journal = {Journal of Polymer Science Part B: Polymer Physics},
	year = {1980},
	volume = {18},
	number = {3},
	pages = {547-558},
	doi = {10.1002/pol.1980.180180314},
% Verified 2016-11-18
}

@article{Odebunmi2008,
	author = {Odebunmi, E. O. and Owalude, S. O.},
	title = {Kinetics and Mechanism of Oxidation of Some Simple Reducing Sugars by Permanganate Ion in Alkaline Medium},
	journal = {Journal of the Iranian Chemical Society},
	year = {2008},
	volume = {5},
	number = {4},
	pages = {623-630},
	doi = {10.1007/BF03246143},
% Verified 2016-11-18
}

@article{Okonechnikov2012,
	author = {Okonechnikov, Konstantin and Golosova, Olga and Fursov, Mikhail and {the UGENE team}},
	title = {Unipro UGENE: a unified bioinformatics toolkit},
	journaltitle = {Bioinformatics},
	year = {2012},
	volume = {28},
	number = {8},
	pages = {1166-1167},
	doi = {10.1093/bioinformatics/bts091},
% Verified 2016-11-18
}

@article{Osman1986,
	author = {Osman, S. F. and Fett, W. F. and Fishman, M. L.},
	title = {Exopolysaccharides of the Phytopathogen \mo{Pseudomonas syringae} pv. glycinea},
	journaltitle = {Journal of Bacteriology},
	year = {1986},
	volume = {166},
	number = {1},
	pages = {66-71},
	doi = {10.1128/jb.166.1.66-71.1986},
% Verified 2016-11-18
}

@article{Overbeek2014,
	author = {Overbeek, Ross and Olson, Robert and Pusch, Gordon D. and Olsen, Gary J. and Davis, James J. and Disz, Terry and Edwards, Robert A. and Gerdes, Svetlana and Parrello, Bruce and Shukla, Maulik and Vonstein, Veronika and Wattam, Alice R. and Xia, Fangfang and Stevens, Rick},
	title = {The SEED and the Rapid Annotation of microbial genomes using Subsystems Technology (RAST)},
	journal = {Nucleic Acids Research},
	year = {2014},
	volume = {42},
	number = {D1},
	pages = {D206-D214},
	doi = {10.1093/nar/gkt1226},
% Verified 2016-11-18
}

@article{Palmqvist1999,
	author = {Palmqvist, Eva and Grage, Halfdan and Meinander, Nina Q. and Hahn-Hägerdal, Bärbel},
	title = {Main and Interaction Effects of Acetic Acid, Furfural, and p-Hydroxybenzoic Acid on Growth and Ethanol Productivity of Yeasts},
	journal = {Biotechnology and Bioengineering},
	year = {1999},
	volume = {63},
	number = {1},
	pages = {46-55},
	doi = {10.1002/(SICI)1097-0290(19990405)63:1<46::AID-BIT5>3.0.CO;2-J},
% Verified 2016-11-18
}

@article{Palmqvist2000a,
	author = {Palmqvist, Eva and Hahn-Hägerdal, Bärbel},
	title = {Fermentation of lignocellulosic hydrolysates. I: inhibition and detoxification},
	journaltitle = {Bioresource Technology},
	year = {2000},
	volume = {74},
	number = {1},
	pages = {17-24},
	doi = {10.1016/S0960-8524(99)00160-1},
% Verified 2016-11-18
}

@article{Palmqvist2000b,
	author = {Palmqvist, Eva and Hahn-Hägerdal, Bärbel},
	title = {Fermentation of lignocellulosic hydrolysates. II: inhibitors and mechanisms of inhibition},
	journaltitle = {Bioresource Technology},
	year = {2000},
	volume = {74},
	number = {1},
	pages = {25-33},
	doi = {10.1016/S0960-8524(99)00161-3},
% Verified 2016-11-18
}

@article{Pampulha1989,
	author = {Pampulha, M. E. and Loureiro-Dias, M. C.},
	title = {Combined effect of acetic acid, pH and ethanol on intracellular pH of fermenting yeast},
	journal = {Applied Microbiology and Biotechnology},
	year = {1989},
	volume = {31},
	number = {5},
	pages = {547-550},
	doi = {10.1007/BF00270792},
% Verified 2016-11-18
}

@article{Parsek2005,
	author = {Parsek, Matthew R. and Greenberg, E. P.},
	title = {Sociomicrobiology: the connections between quorum sensing and biofilms},
	journal = {Trends in Microbiology},
	year = {2005},
	volume = {13},
	number = {1},
	pages = {27-33},
	doi = {10.1016/j.tim.2004.11.007},
% Verified 2016-11-18
}

@misc{Paszkiewicz2010,
	author = {Paszkiewicz, Konrad},
	title = {select\_paired.pl},
	url = {https://github.com/dzerbino/velvet/blob/496af92b8d224c80437311adade19b09143d707b/contrib/select_paired/select_paired.pl},
	year = {2010},
	note = {Last accessed: 2018-05-31},
% Verified 2018-05-31
}

@article{Patel2012,
	author = {Patel, Ravi K. and Jain, Mukesh},
	title = {NGS QC Toolkit: A Toolkit for Quality Control of Next Generation Sequencing Data},
	journaltitle = {PLoS ONE},
	year = {2012},
	month = {02},
	volume = {7},
	number = {2},
	pages = {e30619},
	doi = {10.1371/journal.pone.0030619},
% Verified 2016-11-18
}

@patent{PatentAppUS20080160043,
	author = {Kim, M.S. and Park, Y.D. and Lee, S.R.},
	title = {Preparation method of beta-glucan from schizophyllum commune and composition for external application comprising the same},
	date = {2007-07-16},
	number = {US 2008/0160043 A1},
	note = {Date if publication date},
	url = {https://www.google.com/patents/US20080160043},
% Verified 2018-05-31
}

@patent{PatentAppUS20090090894A1,
	author = {Wang, B. and Feng, H. and Ezeji, T. and Blaschek, H.},
	title = {Separation and extraction system},
	date = {2009-04-09},
	number = {US 2009/0090894 A1},
	note = {Date is publication date},
% Verified 2018-05-31
}

@patent{PatentDE_4012238,
	author = {Lindörfer, Walter and Münzer, Silvia and Rau, Udo and Sewe, Kai-Udo and Veuskens, Johannes},
	title = {Verfahren zur Erhöhung der volumenbezogenen Produktivität (g/l/d) nichtionischer Biopolymere},
	date = {1991-01-03},
	number = {DE 4012238 A1},
	note = {Date is publication date},
% Verified 2018-05-31
}

@patent{PatentEP_2675866_B1,
	author = {Briechle, Sebastian and Faust, Tillmann and Freyer, Stephan and Hollmann, Rajan and Käppler, Tobias and Leonhardt, Bernd and Schmidt, Julia Kristiane and Wenzke, Benjamin and Visser, Foppe},
	title = {Verfahren zur Erdölförderung aus Erdöllagerstätten mit hoher Lagerstättentemperatur},
	date = {2015-01-14},
	number = {EP 2675866 B1},
	note = {Date is publication date},
% Verified 2018-05-31
}

@patent{PatentUS_4950749,
	author = {Johal, Sayit S.},
	title = {Recovery of glucan by employing a divalent cation at an alkaline pH},
	date = {1990-08-21},
	number = {US 4,950,749},
	note = {Date is publication date},
% Verified 2018-05-31
}

@patent{PatentUS_5215752,
	author = {Lovrecich, Mara L. and Riccioni, Giovanna},
	title = {Pharmaceutical tablets and capsule granulates of scleroglucan and active substance},
	date = {1993-06-01},
	number = {US 5,215,752},
	note = {Date is publication date},
% Verified 2018-05-31
}

@patent{PatentUS_20040265977,
	author = {Maier, Thomas},
	title = {Process for the production of scleroglucan},
	date = {2004-12-30},
	number = {US20040265977 A1},
	note = {Date is publication date},
% Verified 2018-05-31
}

@article{Petri1887,
	author = {Petri, R. J.},
	title = {Eine kleine Modification des Koch'schen Plattenverfahrens},
	journaltitle = {Centralblatt für Bacteriologie und Parasitenkunde},
	year = {1887},
	volume = {1},
	number = {9},
	pages = {279-280},
% Verified 2016-11-18
}

@article{Popoff1976,
	author = {Popoff, Thomas and Theander, Olof},
	title = {Formation of Aromatic Compounds from Carbohydrates. Part III. Reaction of \textsc{D}-Glucose and \textsc{D}-Fructose in Slightly Acidic, Aqueous Solution},
	year = {1976},
	volume = {30B},
	issue = {5},
	pages = {397-402},
	journal = {Acta Chemica Scandinavica},
	doi = {10.3891/acta.chem.scand.30b-0397},
% Verified 2016-11-18
}

@article{Prasad2005,
	author = {Prasad, Shreenath and Sharma, Deep Raj and Bhalla, Tek Chand},
	title = {Nitrile- and amide-hydrolysing activity in \mo{Kluyveromyces thermotolerans} MGBY 37},
	journal = {World Journal of Microbiology and Biotechnology},
	year = {2005},
	volume = {21},
	number = {8},
	pages = {1447-1450},
	doi = {10.1007/s11274-005-6563-4},
% Verified 2016-11-18
}

@incollection{Quayle1972,
	booktitle = {Advances in Microbial Physiology},
	editor = {Rose, A. H. and Tempest, D. W.},
	publisher = {Academic Press},
	title = {The Metabolism of One-Carbon Compounds by Micro-Organisms},
	author = {Quayle, J. R.},
	year = {1972},
	volume = {7},
	pages = {119-203},
	isbn = {9780120277070},
	doi = {10.1016/S0065-2911(08)60078-8},
% Verified 2016-11-18
}

@article{Raza2011,
	author = {Raza, Waseem and Makeen, Kousar and Wang, Yang and Xu, Yangchun and Qirong, Shen},
	title = {Optimization, purification, characterization and antioxidant activity of an extracellular polysaccharide produced by \mo{Paenibacillus polymyxa} SQR-21},
	journaltitle = {Bioresource Technology},
	year = {2011},
	volume = {102},
	number = {10},
	pages = {6095-6103},
	doi = {10.1016/j.biortech.2011.02.033},
% Verified 2016-11-18
}

@article{Reddy2005,
	author = {Reddy, Narendra and Yang, Yiqi},
	title = {Biofibers from agricultural byproducts for industrial applications},
	journal = {Trends in Biotechnology},
	year = {2005},
	volume = {23},
	number = {1},
	pages = {22-27},
	doi = {10.1016/j.tibtech.2004.11.002},
% Verified 2016-11-18
}

@article{Reiter2013,
	author = {Reiter, Jochen and Strittmatter, Harald and Wiemann, Lars O. and Schieder, Doris and Sieber, Volker},
	title = {Enzymatic cleavage of lignin β-O-4 aryl ether bonds \textit{via} net internal hydrogen transfer},
	journal = {Green Chemistry},
	year = {2013},
	volume = {15},
	issue = {5},
	pages = {1373-1381},
	doi = {10.1039/C3GC40295A},
% Verified 2016-11-18
}

@article{Rezende2004,
	author = {Rezende, Rachel Passos and Teixeira Dias, João Carlos and Monteiro, Andrea Souza and Carraza, Fernando and Linardi, Valter Roberto},
	title = {The use of acetonitrile as the sole nitrogen and carbon source by \mo{Geotrichum} sp. JR1},
	journal = {Brazilian Journal of Microbiology},
	year = {2004},
	volume = {35},
	number = {1-2},
	pages = {117-120},
	url = {http://www.scielo.br/scielo.php?script=sci_arttext&pid=S1517-83822004000100019&nrm=iso},
	doi = {10.1590/S1517-83822004000100019},
% Verified 2016-11-18
}

@article{Richardson1987,
	author = {Richardson, Robert K. and Ross-Murphy, Simon B.},
	title = {Non-linear viscoelasticity of polysaccharide solutions. 2: Xanthan polysaccharide solutions},
	journal = {International Journal of Biological Macromolecules},
	year = {1987},
	volume = {9},
	number = {5},
	pages = {257-264},
	doi = {10.1016/0141-8130(87)90063-8},
% Verified 2016-11-18
}

@article{Riedel2011,
	author = {Riedel, Sebastian L. and Bader, Johannes and Brigham, Christopher J. and Budde, Charles F. and Yusof, Zainal Abidin Mohd and Rha, ChoKyun and Sinskey, Anthony J.},
	title = {Production of Poly(3-hydroxybutyrate-\textit{co}-3-hydroxyhexanoate) by \mo{Ralstonia eutropha} in High Cell Density Palm Oil Fermentations},
	journaltitle = {Biotechnology and Bioengineering},
	year = {2012},
	volume = {109},
	number = {1},
	pages = {74-83},
	doi = {10.1002/bit.23283},
% Verified 2016-11-18
}

@article{Rinaudo1978,
	author = {Rinaudo, Marguerite and Milas, Michel},
	title = {Polyelectroyte Behavior of a Bacterial Polysaccharide from \mo{Xanthomonas campestris}: Comparison with Carboxymethylcellulose},
	journal = {Biopolymers},
	year = {1978},
	volume = {17},
	number = {11},
	pages = {2663-2678},
	doi = {10.1002/bip.1978.360171113},
% Verified 2016-11-18
}

@article{Rinaudo1982,
	author = {Rinaudo, Marguerite and Vincendon, Marc},
	title = {13C NMR structural investigation of scleroglucan},
	year = {1982},
	journal = {Carbohydrate Polymers},
	volume = {2},
	number = {2},
	pages = {135-144},
	doi = {10.1016/0144-8617(82)90059-5},
% Verified 2016-11-18
}

@book{BuchRobyt1998,
	series = {Springer Advanced Texts in Chemistry},
	serieseditor = {Cantor, Charles R.},
	title = {Essentials of Carbohydrate Chemistry},
	author = {Robyt, John F.},
	publisher = {Springer New York},
	isbn = {9780387949512},
	year = {1998},
% Verified 2016-11-18
}

@article{Rochefort1987,
	author = {Rochefort, Willie E. and Middleman, Stanley},
	title = {Rheology of Xanthan Gum: Salt, Temperature, and Strain Effects in Oscillatory and Steady Shear Experiments},
	journal = {Journal of Rheology},
	year = {1987},
	volume = {31},
	number = {4},
	pages = {337-369},
	doi = {10.1122/1.549953},
% Verified 2016-11-18
}

@article{Routledge2012,
	author = {Routledge, Sarah J.},
	title = {Beyond de-foaming: the effects of antifoams on bioprocess productivity},
	journal = {Computational and Structural Biotechnology Journal},
	year = {2012},
	volume = {3},
	number = {4},
	pages = {1-7},
	doi = {10.5936/csbj.201210014},
% Verified 2016-11-18
}

@article{RuasMadiedo2005,
	author = {Ruas-Madiedo, P. and de los Reyes-Gavilán, C. G.},
	title = {\textit{Invited Review}: Methods for the Screening, Isolation, and Characterization of Exopolysaccharides Produced by Lactic Acid Bacteria},
	journal = {Journal of Dairy Science},
	year = {2005},
	volume = {88},
	number = {3},
	pages = {843-856},
	doi = {10.3168/jds.s0022-0302(05)72750-8},
% Verified 2016-11-18
}

@article{Ruehmann2014,
	author = {Rühmann, Broder and Schmid, Jochen and Sieber, Volker},
	title = {Fast carbohydrate analysis via liquid chromatography coupled with ultra violet and electrospray ionization ion trap detection in 96-well format},
	journaltitle = {Journal of Chromatography A},
	year = {2014},
	volume = {1350},
	pages = {44-50},
	doi = {10.1016/j.chroma.2014.05.014},
% Verified 2016-11-18
}

@article{Ruehmann2015a,
	author = {Rühmann, Broder and Schmid, Jochen and Sieber, Volker},
	title = {High throughput exopolysaccharide screening platform: From strain cultivation to monosaccharide composition and carbohydrate fingerprinting in one day},
	journaltitle = {Carbohydrate Polymers},
	year = {2015},
	volume = {122},
	pages = {212-220},
	doi = {10.1016/j.carbpol.2014.12.021},
% Verified 2016-11-18
}

@phdthesis{Ruehmann2015b,
	author = {Broder Rühmann},
	title = {Development of a Modular High Throughput Screening Platform for Microbial Exopolysaccharide Producers},
	series = {Nachwachsende Rohstoffe in Forschung und Praxis},
	institution = {Technische Universität München},
	isbn = {9783942742689},
	year = {2016},
% Verified 2018-05-31
}

@article{Ruetering2016,
	title = {Controlled production of polysaccharides–exploiting nutrient supply for levan and heteropolysaccharide formation in \textit{Paenibacillus} sp.},
	author = {Rütering, Marius and Schmid, Jochen and Rühmann, Broder and Schilling, Martin and Sieber, Volker},
	journal = {Carbohydrate Polymers},
	year = {2016},
	volume = {148},
	pages = {326-334},
	doi = {10.1016/j.carbpol.2016.04.074},
% Verified 2017-03-15
}

@misc{Ruetering2017,
	title = {Personal communication},
	author = {Rütering, Marius},
	date = {2017-03-15},
% Verified 2018-05-31
}

@article{Saha2005,
	author = {Kumar Saha, Sushanta and Uma, L. and Subramanian, G.},
	title = {An improved method for marine cyanobacterial DNA isolation},
	journaltitle = {World Journal of Microbiology \& Biotechnology},
	year = {2005},
	volume = {21},
	number = {6},
	pages = {877-881},
	doi = {10.1007/s11274-004-6187-0},
% Verified 2016-11-18
}

@article{Saha2010,
	author = {Saha, Dipjyoti and Bhattacharya, Suvendu},
	title = {Hydrocolloids as thickening and gelling agents in food: a critical review},
	journal = {Journal of Food Science and Technology},
	year = {2010},
	volume = {47},
	number = {6},
	pages = {587-597},
	doi = {10.1007/s13197-010-0162-6},
% Verified 2016-11-18
}
	
@inbook{Saka2001,
	author = {Saka, Shiro},
	editor = {Hon, David. N.-S. and Shiraishi, Nobuo},
	chapter = {Chemical Composition and Distribution},
	booktitle = {Wood and Cellulosic Chemistry},
	year = {2001},
	edition = {Second, revised and expanded},
	publisher = {CRC Press},
	address = {New York},
	pages = {51-82},
	isbn = {978-0-8247-0024-9},
	url= {https://books.google.de/books?id=pKiTzbEDy1QC},
% Verified 2018-05-31
}

@article{Sandford1966,
	author = {Sandford, P. A. and Conrad, H. E.},
	title = {The Structure of the\mo{ Aerobacter aerogenes} A3(S1) Polysaccharide. I. A Reexamination Using Improved Procedures for Methylation Analysis},
	journal = {Biochemistry},
	year = {1966},
	volume = {5},
	number = {5},
	pages = {1508-1517},
	doi = {10.1021/bi00869a009},
% Verified 2016-11-18
}

@inbook{Sandford1983,
	author = {Sandford, Paul A. and Baird, John},
	title = {Industrial Utilization of Polysaccharides},
	chapter = {7},
	editor = {Aspinall, Gerald O.},
	booktitle = {The Polysaccharides},
	publisher = {Academic Press},
	year = {1983},
	pages = {411-490},
	isbn = {978-0-12-065602-8},
	doi = {10.1016/B978-0-12-065602-8.50012-1},
	usera = {Paywalled},
% Verified 2018-05-31
}

@inbook{Sandvik1977,
	author = {Sandvik, E. I. and Maerker, J. M.},
	title = {Application of Xanthan Gum for Enhanced Oil Recovery},
	booktitle = {Extracellular Microbial Polysaccharides},
	series = {ACS Symposium Series},
	volume = {45},
	chapter = {19},
	year = {1977},
	pages = {242-264},
	isbn = {9780841203723},
	doi = {10.1021/bk-1977-0045.ch019},
	usera = {Paywalled},
% Verified 2018-05-31
}

@article{Sasaki1990,
	author = {Sasaki, Ken and Tanaka, Tohru and Nishizawa, Yoshinori and Hayashi, Mitsunori},
	title = {Production of a herbicide, 5-aminolevulinic acid, by \mo{Rhodobacter sphaeroides} using the effluent of swine waste from an anaerobic digestor},
	journal = {Applied Microbiology and Biotechnology},
	year = {1990},
	volume = {32},
	number = {6},
	pages = {727-731},
	doi = {10.1007/BF00164749},
% Verified 2016-11-18
}

@article{Sato1983,
	author = {Sato, Takahiro and Norisuye, Takashi and Fujita, Hiroshi},
	title = {Triple Helix of \mo{Schizophyllum commune} Polysaccharide in Dilute Solution. 5. Light Scattering and Refractometry in Mixtures of Water and Dimethyl Sulfoxide},
	journal = {Macromolecules},
	year = {1983},
	volume = {16},
	number = {2},
	pages = {185-189},
	doi = {10.1021/ma00236a006},
% Verified 2016-11-18
}

@article{Sauer2008,
	author = {Sauer, Michael and Porro, Danilo and Mattanovich, Diethard and Branduardi, Paola},
	title = {Microbial production of organic acids: expanding the markets},
	journal = {Trends in Biotechnology},
	volume = {26},
	number = {2},
	pages = {100-108},
	year = {2008},
	doi = {10.1016/j.tibtech.2007.11.006},
% Verified 2016-11-18
}

@phdthesis{Schmid2008,
	author = {Jochen Schmid},
	title = {Genetics of scleroglucan production by \mo{Sclerotium rolfsii}},
	institution = {Technische Universität Berlin},
	year = {2008},
	doi = {10.14279/depositonce-2748},
% Verified 2018-05-31
}

@article{Schmid2011,
	author = {Schmid, Jochen and Meyer, Vera and Sieber, Volker},
	title = {Scleroglucan: biosynthesis, production and application of a versatile hydrocolloid},
	journaltitle = {Applied Microbiology and Biotechnology},
	year = {2011},
	volume = {91},
	number = {4},
	pages = {937-947},
	doi = {10.1007/s00253-011-3438-5},
% Verified 2018-05-31
}

@article{Sears1971,
	author = {Sears, K. D. and Beelik, A. and Casebier, R. L. and Engen, R. J. and Hamilton, J. K. and Hergert, H. L.},
	title = {Southern pine prehydrolyzates: Characterization of polysaccharides and lignin fragments},
	journal = {Journal of Polymer Science Part C: Polymer Symposia},
	year = {1971},
	volume = {36},
	number = {1},
	pages = {425-443},
	doi = {10.1002/polc.5070360132},
% Verified 2016-11-18
}

@article{Semedo2015a,
	author = {Semedo, Magda C. and Karmali, Amin and Fonseca, Luís},
	title = {A Novel Colorimetric Assay of β-\textsc{d}-Glucans in Basidiomycete Strains by Alcian Blue Dye in a 96-Well Microtiter Plate},
	journal = {Biotechnology Progress},
	year = {2015},
	volume = {31},
	number = {6},
	pages = {1526-1535},
	doi = {10.1002/btpr.2163},
% Verified 2018-05-31
}

@article{Semedo2015b,
	author = {Semedo, Magda C. and Karmali, Amin and Fonseca, Luís},
	title = {A high throughput colorimetric assay of β-1,3-\textsc{d}-glucans by Congo red dye},
	journal = {Journal of Microbiological Methods},
	year = {2015},
	volume = {109},
	pages = {140-148},
	doi = {10.1016/j.mimet.2014.12.020},
% Verified 2018-05-31
}

@article{Shedletzky1997,
	author = {Shedletzky, Esther and Unger, Christoph and Delmer, Deborah P.},
	title = {A Microtiter-Based Fluorescence Assay for (1,3)-β-Glucan Synthases},
	journal = {Analytical Biochemistry},
	year = {1997},
	volume = {249},
	number = {1},
	pages = {88-93},
	doi = {10.1006/abio.1997.2162},
% Verified 2018-05-31
}

@misc{SigmaRPMI1640,
	author = {{Sigma-Aldrich Corporation}},
	title = {Product Information for R7256 (RPMI 1640 Vitamins Solution (100×))},
	shorttitle = {Product Information for R7256},
	date = {2007-11-15},
% Verified 2018-05-31
}

@article{Smidsrod1965,
	author = {Smidsrød, Olav and Haug, Arne},
	title = {The Effect of Divalent Metals on the Properties of Alginate Solutions. I. Calcium Ions},
	journal = {Acta Chemica Scandinavica},
	year = {1965},
	volume = {19},
	pages = {329-340},
	doi = {10.3891/acta.chem.scand.19-0329},
% Verified 2016-11-18
}

@article{Smith1978,
	author = {Smith, M. M. and McCully, M. E.},
	title = {A Critical Evaluation of the Specificity of Aniline Blue Induced Fluorescence},
	journal = {Protoplasma},
	year = {1978},
	volume = {95},
	number = {3},
	pages = {229-254},
	doi = {10.1007/BF01294453},
% Verified 2018-05-31
}

@article{Song2014,
	author = {Song, Tao and Cao, Yu and Xu, Hui and Zhang, Weijia and Fei, Baojin and Qiao, Dairong and Cao, Yi},
	title = {Purification and characterization of a novel β-agarase of \mo{Paenibacillus}~sp. SSG-1 isolated from soil},
	journaltitle = {Journal of Bioscience and Bioengineering},
	year = {2014},
	volume = {118},
	number = {2},
	pages = {125-129},
	doi = {10.1016/j.jbiosc.2014.02.008}
% Verified 2016-11-18
}

@article{Steinbuechel1997,
	author = {Steinbüchel, Alexander and Gorenflo, Volker},
	title = {Biosynthetic and biodegradable polyesters from renewable resources: Current state and prospects},
	journal = {Macromolecular Symposia},
	year = {1997},
	volume = {123},
	number = {1},
	pages = {61-66},
	doi = {10.1002/masy.19971230107},
% Verified 2016-11-18
}

@article{Stickland1929,
	author = {Stickland, Leonard Hubert},
	title = {The bacterial decomposition of formic acid},
	journaltitle = {Biochemical Journal},
	year = {1929},
	volume = {23},
	number = {6},
	pages = {1187-1198},
% Verified 2016-11-18
}

@inbook{Stouthamer1979,
	author = {Stouthamer, A. H.},
	editor = {Quayle, J. R.},
	serieseditor = {Kornberg, H. L. and Phillips, D. C.},
	chapter = {The search for correlation between theoretical and experimental growth yields},
	booktitle = {Microbial biochemistry},
	series = {International Review of Biochemistry},
	year = {1979},
	volume = {21},
	pages = {1-47},
	isbn = {9780839110873},
% Verified 2018-05-31
}

@article{Suh1990,
	author = {Suh, I.-S. and Herbst, H. and Schumpe, A. and Deckwer, W.-D.},
	title = {The molecular weight of xanthan polysaccharide produced under oxygen limitation},
	journal = {Biotechnology Letters},
	volume = {12},
	number = {3},
	pages = {201-206},
	year = {1990},
	doi = {10.1007/BF01026799},
% Verified 2016-11-18
}

@article{Sun2002,
	author = {Sun, Ye and Cheng, Jiayang},
	title = {Hydrolysis of lignocellulosic materials for ethanol production: a review},
	journal = {Bioresource Technology},
	year = {2002},
	volume = {83},
	number = {1},
	pages = {1-11},
	doi = {10.1016/S0960-8524(01)00212-7},
% Verified 2016-11-18
}

@article{Suortti1983,
	author = {Suortti, Tapani},
	title = {Identification of Antimicrobial Compounds in Heated Neutral Glucose and Fructose Solutions},
	journal = {Zeitschrift für Lebensmittel-Untersuchung und -Forschung},
	year = {1983},
	volume = {177},
	number = {2},
	pages = {94-96},
	doi = {10.1007/BF01043071},
% Verified 2016-11-18
}

@book{Sutherland1990,
	title = {Biotechnology of microbial exopolysaccharides},
	author = {Sutherland, Ian W.},
	isbn = {9780521363501},
	series = {Cambridge Studies in Biotechnology},
	publisher = {Cambridge University Press},
	year = {1990},
% Verified 2016-11-18
}

@inbook{Sutherland1993,
	author = {Sutherland, I. W.},
	editor = {Swings, J. G. and Civerolo, E. L.},
	chapter = {Xanthan},
	title = {\mo{Xanthomonas}},
	year = {1993},
	publisher = {Springer Netherlands},
	address = {Dordrecht},
	pages = {363-388},
	isbn = {978-94-011-1526-1},
	doi = {10.1007/978-94-011-1526-1_8},
% Verified 2018-05-31
}

@article{Sutherland2001,
	author = {Sutherland, Ian W.},
	title = {Biofilm exopolysaccharides: a strong and sticky framework},
	journal = {Microbiology},
	year = {2001},
	volume = {147},
	number = {1},
	pages = {3-9},
	doi = {10.1099/00221287-147-1-3},
% Verified 2016-11-18
}

@article{Tabata1981,
	author = {Tabata, Kengo and Ito, Wataru and Kojima, Takemasa and Kawabata, Shozo and Misaki, Akira},
	title = {Ultrasonic degradation of schizophyllan, an antitumor polysaccharide produced by \mo{Schizophyllum commune} fries},
	journal = {Carbohydrate Research},
	year = {1981},
	volume = {89},
	number = {1},
	pages = {121-135},
	doi = {10.1016/S0008-6215(00)85234-9},
% Verified 2016-11-18
}

@article{Tait1986,
	author = {Tait, M. I. and Sutherland, I. W. and Clarke-Sturman, A. J.},
	title = {Effect of Growth Conditions on the Production, Composition and Viscosity of \mo{Xanthomonas campestris} Exopolysaccharide},
	journaltitle = {Microbiology},
	year = {1986},
	volume = {132},
	number = {6},
	pages = {1483-1492},
	doi = {10.1099/00221287-132-6-1483},
% Verified 2016-11-18
}

@article{Tang2009,
	author = {Tang, Ya-Jie and Zhang, Wei and Zhong, Jian-Jiang},
	title = {Performance analyses of a pH-shift and DOT-shift integrated fed-batch fermentation process for the production of ganoderic acid and Ganoderma polysaccharides by medicinal mushroom \mo{Ganoderma lucidum}},
	journal = {Bioresource Technology},
	year = {2009},
	volume = {100},
	number = {5},
	pages = {1852-1859},
	doi = {10.1016/j.biortech.2008.10.005},
% Verified 2016-11-18
}
	
@article{Taurhesia1994a,
	author = {Taurhesia, Shelly and McNeil, Brian},
	title = {Physicochemical Factors Affecting the Formation of the Biological Response Modifier Scleroglucan},
	journaltitle = {Journal of Chemical Technology and Biotechnology},
	year = {1994},
	volume = {59},
	number = {2},
	pages = {157-163},
	doi = {10.1002/jctb.280590207},
% Verified 2016-11-18
}

@article{Taylor1972,
	author = {Taylor, R. B. and Jappy, B. M. and Neil, J. M.},
	title = {Kinetics of dextrose degradation under autoclaving conditions},
	journal = {Journal of Pharmacy and Pharmacology},
	year = {1972},
	volume = {24},
	number = {2},
	pages = {121-129},
	doi = {10.1111/j.2042-7158.1972.tb08944.x},
	userb = {paywalled},
% Verified 2016-11-18
}

@article{Thiery1986,
	author = {Thiéry, Alain and Maestracci, Marc and Arnaud, Alain and Galzy, Pierre},
	title = {Nitriles as Growth Substrates for \mo{Brevibacterium}~sp. R 312 and Its Mutant M2},
	journal = {Zentralblatt für Mikrobiologie},
	year = {1986},
	volume = {141},
	number = {8},
	pages = {575-582},
	doi = {10.1016/S0232-4393(86)80065-8},
% Verified 2016-11-18
}

@misc{USFWS1997,
	author = {{U.S. Fish \& Wildlife Service}},
	title = {Wildlife Biologue},
	subtitle = {American buffalo (\mo{Bison bison})},
	year = {1997},
	url = {http://www.fws.gov/uploadedFiles/American_Buffalo.fws biologue.pdf},
	urldate = {2018-05-31},
% Verified 2018-05-31
}

@article{Verbruggen1995,
	author = {Verbruggen, M. A. and Beldman, G. and Voragen, A. G. J.},
	title = {The Selective Extraction of Glucuronoarabinoxylans from Sorghum Endosperm Cell Walls using Barium and Potassium Hydroxide Solutions},
	journal = {Journal of Cereal Science},
	year = {1995},
	volume = {21},
	number = {3},
	pages = {271-282},
	doi = {10.1006/jcrs.1995.0030},
% Verified 2016-11-18
}

@article{Verduyn1990,
	author = {Verduyn, Cornelis and Postma, Erik and Scheffers, W. Alexander and van Dijken, Johannes P.},
	title = {Energetics of \mo{Saccharomyces Cerevisiae} in Anaerobic Glucose-Limited Chemostat Cultures},
	journal = {Microbiology},
	year = {1990},
	volume = {136},
	number = {3},
	pages = {405-412},
	url = {http://mic.microbiologyresearch.org/content/journal/micro/10.1099/00221287-136-3-405},
	doi = {10.1099/00221287-136-3-405},
% Verified 2016-11-18
}

@article{Verduyn1992,
	author = {Verduyn, Cornelis and Postma, Erik and Scheffers, W. Alexander and Van Dijken, Johannes P.},
	title = {Effect of Benzoic Acid on Metabolic Fluxes in Yeasts: A Continuous-Culture Study on the Regulation of Respiration and Alcoholic Fermentation},
	journal = {Yeast},
	year = {1992},
	volume = {8},
	number = {7},
	pages = {501-517},
	doi = {10.1002/yea.320080703},
% Verified 2016-11-18
}

@article{Wang2008,
	author = {Wang, Bin and Ezejias, Thaddeus and Feng, Hao and Blaschek, Hans},
	title = {Sugaring-out: A novel phase separation and extraction system},
	journal = {Chemical Engineering Science},
	year = {2008},
	volume = {63},
	number = {9},
	pages = {2595-2600},
	doi = {10.1016/j.ces.2008.02.004},
% Verified 2016-11-18
}

@article{Wang2011,
	author = {Wang, Chuan-Lu and Huang, Tzu-Huang and Liang, Tzu-Wen and Fang, Chun-Yong and Wang, San-Lang},
	title = {Production and characterization of exopolysaccharides and antioxidant from \mo{Paenibacillus}~sp. TKU023},
	journal = {New Biotechnology},
	year = {2011},
	volume = {28},
	number = {6},
	pages = {559-565},
	doi = {10.1016/j.nbt.2011.03.003},
% Verified 2016-11-18
}

@article{Warth1988,
	author = {Warth, Alan D.},
	title = {Effect of Benzoic Acid on Growth Yield of Yeasts Differing in Their Resistance to Preservatives},
	journal = {Applied and Environmental Microbiology},
	year = {1988},
	volume = {54},
	number = {8},
	pages = {2091-2095},
	url = {http://aem.asm.org/content/54/8/2091.abstract},
% Verified 2016-11-18
}

@article{Watanabe1987,
	author = {Watanabe, Ichiro and Satoh, Yoshiaki and Enomoto, Kanehiko},
	title = {Screening, Isolation and Taxonomical Properties of Microorganisms Having Acrylonitrile-hydrating Activity},
	journal = {Agricultural and Biological Chemistry},
	year = {1987},
	volume = {51},
	number = {12},
	pages = {3193-3199},
	doi = {10.1271/bbb1961.51.3193},
% Verified 2016-11-18
}

@online{webBASF,
	title = {Innovation Report 2012},
	author = {{BASF SE}},
	url = {http://www.bericht.basf.com/2012/en/managementsanalysis/segments/oilgas/segmentprofile/innovation.html},
	year = {2012},
	note = {Date accessed: 2015-08-13},
% Verified 2018-05-31
}

@online{webWintershall,
	title = {Oil production with polymer flooding},
	author = {{Wintershall Holding GmbH}},
	url = {http://www.wintershall.com/en/technology/enhanced-oil-recovery/oil-production-with-polymer-flooding.html},
	year = {2015},
	note = {Date accessed: 2015-08-13},
% Verified 2018-05-31
}

@book{Weiss1962,
	author = {Weiss, Paul},
	booktitle = {Renewable Resources},
	booksubtitle = {A Report to the Committee on Natural Resources of the National Academy of Sciences---National Research Council},
	year = {1962},
	publisher = {National Academy of Sciences---National Research Council},
	address = {Washington, D. C.},
	pages = {127},
	doi = {10.17226/18451},
% Verified 2016-11-18
}

@article{Wierckx2011,
	author = {Wierckx, Nick and Koopman, Frank and Ruijssenaars, Harald J. and de Winde, Johannes H.},
	title = {Microbial degradation of furanic compounds: biochemistry, genetics, and impact},
	journal = {Applied Microbiology and Biotechnology},
	year = {2011},
	volume = {92},
	number = {6},
	pages = {1095-1105},
	doi = {10.1007/s00253-011-3632-5},
% Verified 2016-11-18
}

@article{Winyasuk2012,
	author = {Winyasuk, Wikanda and Gomi, Shinya and Shimokawa, Tomoko and Hishiyama, Shojiro and Satake, Takaaki and Yoshida, Shigeki},
	title = {Screening of enzyme system for specific degradation of hexenuronosyl\hyp{}xylotriose},
	journaltitle = {International Journal of Agricultural Technology},
	year = {2012},
	volume = {8},
	number = {1},
	pages = {103-116},
% Verified 2016-11-18
}

@article{Whistler1959,
	author = {Whistler, Roy L. and Kirby, Kenneth W.},
	title = {Notiz über die Zusammensetzung der Alginsäure von \mo{Macrocystis pyrifera}},
	journal = {Hoppe-Seyler's Zeitschrift für physiologische Chemie},
	year = {1959},
	volume = {314},
	number = {1},
	pages = {46-48},
	doi = {10.1515/bchm2.1959.314.1.46},
% Verified 2016-11-18
}

@article{Whitcomb1975,
	author = {Whitcomb, P. J. and Macosko, C. W.},
	title = {Rheology of Xanthan Gum},
	journal = {Journal of Rheology},
	year = {1978},
	volume = {22},
	number = {5},
	pages = {493-505},
	doi = {10.1122/1.549485},
% Verified 2016-11-18
}

@article{Wright1966,
	author = {Wright, Richard R. and Hobbie, John E.},
	title = {Use of Glucose and Acetate by Bacteria and Algae in Aquatic Ecosystems},
	journal = {Ecology},
	year = {1966},
	volume = {47},
	number = {3},
	pages = {447-464},
	url = {http://www.jstor.org/stable/1932984},
% Verified 2016-11-18
}

@article{Wu2006,
	author = {Wu, Jing and Ding, Zhong-Yang and Zhang, Ke-Chang},
	title = {Improvement of exopolysaccharide production by macro-fungus \mo{Auricularia auricula} in submerged culture},
	journal = {Enzyme and Microbial Technology},
	year = {2006},
	volume = {39},
	number = {4},
	pages = {743-749},
	doi = {10.1016/j.enzmictec.2005.12.012},
% Verified 2016-11-18
}

@article{Xu2014,
	author = {Xu, Chunping and Arancon, Rick Arneil D. and Labidi, Jalel and Luque, Rafael},
	title = {Lignin depolymerisation strategies: towards valuable chemicals and fuels},
	journal = {Chemical Society Reviews},
	year = {2014},
	volume = {43},
	issue = {22},
	pages = {7485-7500},
	doi = {10.1039/C4CS00235K},
% Verified 2016-11-18
}

@article{Yanaki1980,
	author = {Yanaki, Toshio and Norisuye, Takashi and Fujita, Hiroshi},
	title = {Triple Helix of \mo{Schizophyllum commune} Polysaccharide in Dilute Solution. 3. Hydrodynamic Properties in Water},
	journaltitle = {Macromolecules},
	year = {1980},
	volume = {13},
	number = {6},
	pages = {1462-1466},
	doi = {10.1021/ma60078a019},
% Verified 2016-11-18
}

@article{Yanaki1981,
	author = {Yanaki, Toshio and Kojima, Takemasa and Norisuye, Takashi},
	title = {Triple Helix of Scleroglucan in Dilute Aqueous Sodium Hydroxide},
	journal = {Polymer Journal},
	year = {1981},
	volume = {13},
	number = {12},
	pages = {1135-1143},
	doi = {10.1295/polymj.13.1135},
% Verified 2016-11-18
}

@article{Yanaki1983a,
	author = {Yanaki, Toshio and Norisuye, Takashi},
	title = {Triple Helix and Random Coil of Scleroglucan in Dilute Solution},
	journaltitle = {Polymer Journal},
	year = {1983},
	volume = {15},
	number = {5},
	pages = {389-396},
	doi = {10.1295/polymj.15.389},
% Verified 2016-11-18
}

@article{Yanaki1983b,
	author = {Yanaki, Toshio and Ito, Wataru and Tabata, Kengo and Kojima, Takemasa and Norisuye, Takashi and Takano, Noriko and Fujita, Hiroshi},
	title = {Correlation between the antitumor activity of a polysaccharide schizophyllan and its triple-helical conformation in dilute aqueous solution},
	journal = {Biophysical Chemistry},
	year = {1983},
	volume = {17},
	number = {4},
	pages = {337-342},
	doi = {10.1016/0301-4622(83)80018-0},
% Verified 2016-11-18
}

@article{Yanaki1985,
	author = {Yanaki, Toshio and Tabata, Kengo and Kojima, Takemasa},
	title = {Melting Behaviour of a Triple Helical Polysaccharide Schizophyllan in Aqueous Solution},
	journal = {Carbohydrate Polymers},
	year = {1985},
	volume = {5},
	number = {4},
	pages = {275-283},
	doi = {10.1016/0144-8617(85)90035-9},
% Verified 2016-11-18
}

@article{Zaldivar1999a,
	author = {Zaldivar, Jesus and Martinez, Alfredo and Ingram, Lonnie O.},
	title = {Effect of Selected Aldehydes on the Growth and Fermentation of Ethanologenic \mo{Escherichia coli}},
	journal = {Biotechnology and Bioengineering},
	year = {1999},
	volume = {65},
	number = {1},
	pages = {24-33},
	doi = {10.1002/(SICI)1097-0290(19991005)65:1<24::AID-BIT4>3.0.CO;2-2},
% Verified 2016-11-18
}

@article{Zaldivar1999b,
	author = {Zaldivar, Jesus and Ingram, Lonnie O.},
	title = {Effect of Organic Acids on the Growth and Fermentation of Ethanologenic \mo{Escherichia coli} LY01},
	journal = {Biotechnology and Bioengineering},
	year = {1999},
	volume = {66},
	number = {4},
	pages = {203-210},
	doi = {10.1002/(SICI)1097-0290(1999)66:4<203::AID-BIT1>3.0.CO;2-#},
	usera = {In an URL, replace the last \# by \%23.},
% Verified 2016-11-18
}

@article{Zaldivar2000,
	author = {Zaldivar, Jesus and Martinez, Alfredo and Ingram, Lonnie O.},
	title = {Effect of Alcohol Compounds Found in Hemicellulose Hydrolysate on the Growth and Fermentation of Ethanologenic \mo{Escherichia coli}},
	journal = {Biotechnology and Bioengineering},
	year = {2000},
	volume = {68},
	number = {5},
	pages = {524-530},
	doi = {10.1002/(SICI)1097-0290(20000605)68:5<524::AID-BIT6>3.0.CO;2-T},
% Verified 2016-11-18
}

@article{Zerbino2008,
	author = {Zerbino, Daniel R. and Birney, Ewan},
	title = {Velvet: Algorithms for de novo short read assembly using de Bruijn graphs},
	journaltitle = {Genome Research},
	year = {2008},
	volume = {18},
	number = {5},
	pages = {821-829},
	doi = {10.1101/gr.074492.107},
% Verified 2016-11-18
}

@article{Zerbino2009,
	author = {Zerbino, Daniel R. and McEwen, Gayle K. and Margulies, Elliott H. and Birney, Ewan},
	title = {Pebble and Rock Band: Heuristic Resolution of Repeats and Scaffolding in the Velvet Short-Read \textit{de Novo} Assembler},
	journaltitle = {PLoS ONE},
	year = {2009},
	volume = {4},
	number = {12},
	pages = {e8407},
	doi = {10.1371/journal.pone.0008407},
% Verified 2016-11-18
}

@article{Zhang2004,
	author = {Zhang, Zheng and Schwartz, Scott and Wagner, Lukas and Miller, Webb},
	title = {A Greedy Algorithm for Aligning DNA Sequences},
	journaltitle = {Journal of Computational Biology},
	year = {2004},
	volume = {7},
	number = {1-2},
	pages = {203-214},
	doi = {10.1089/10665270050081478},
% Verified 2016-11-18
}

@article{Zhu2016,
	author = {Zhu, Fengmei and Du, Bin and Xu, Baojun},
	title = {A critical review on production and industrial applications of beta-glucans},
	journal = {Food Hydrocolloids},
	year = {2016},
	volume = {52},
	pages = {275-288},
	doi = {10.1016/j.foodhyd.2015.07.003},
% Verified 2016-11-18
}

