@article{Arias2003,
	author = {Arias, Soledad and Moral, Ana and Ferrer, Maria Rita and Tallon, Richard and Quesada, Emilia and Béjar, Victoria},
	title = {Mauran, an exopolysaccharide produced by the halophilic bacterium \mo{Halomonas maura}, with a novel composition and interesting properties for biotechnology},
	journaltitle = {Extremophiles},
	year = {2003},
	volume = {7},
	number = {4},
	pages = {319-326},
	doi = {10.1007/s00792-003-0325-8},
}

@article{Breedveld1993,
	author = {Breedveld, M. W. and Zevenhuizen, L. P. T. M. and Canter Cremers, H. C. J. and Zehnder, A. J. B.},
	title = {Influence of growth conditions on production of capsular and extracellular polysaccharides by \mo{Rhizobium leguminosarum}},
	journaltitle = {Antonie van Leeuwenhoek},
	year = {1993},
	volume = {64},
	number = {1},
	pages = {1-8},
	doi = {10.1007/BF00870915},
}

@article{Buechert1989,
	author = {Büchert, Johanna and Puls, Jürgen and Poutanen, Kaisa},
	title = {The use of steamed hemicellulose as substrate in microbial conversions},
	journal = {Applied Biochemistry and Biotechnology},
	year = {1989},
	volume = {20},
	number = {1},
	pages = {309-318},
	doi = {10.1007/BF02936491},
}

@article{Chambers1963,
	author = {Cecil W. Chambers, Henry H. Tabak, Paul W. Kabler},
	title = {Degradation of Aromatic Compounds by Phenol-Adapted Bacteria},
	journal = {Journal Water Pollution Control Federation},
	year = {1963},
	volume = {35},
	number = {12},
	pages = {1517-1528},
	url = {http://www.jstor.org/stable/25034974},
}

@article{Elisashvili2009,
	author = {Elisashvili, V. I. and Kachlishvili, E. T. and Wasser, S. P.},
	title = {Carbon and nitrogen source effects on basidiomycetes exopolysaccharide production},
	journaltitle = {Applied Biochemistry and Microbiology},
	year = {2009},
	volume = {45},
	number = {5},
	pages = {531-535},
	doi = {10.1134/S0003683809050135},
}

@article{Gasson1998,
	author = {Gasson, Michael J. and Kitamura, Yoshie and McLauchlan, W. Russell and Narbad, Arjan and Parr, Adrian J. and Parsons, E. Lindsay H. and Payne, John and Rhodes, Michael J. C. and Walton, Nicholas J.},
	title = {Metabolism of Ferulic Acid to Vanillin: A Bacterial Gene of the Enoyl-SCoA Hydratase/Isomerase Superfamily Encodes an Enzyme for the Hydration and Cleavage of a Hydroxycinnamic Acid SCoA Thioester},
	journal = {Journal of Biological Chemistry},
	year = {1998},
	volume = {273},
	number = {7},
	pages = {4163-4170},
	doi = {10.1074/jbc.273.7.4163},
}

@article{Karmakar2000,
	author = {Karmakar, B. and Vohra, R.M. and Nandanwar, H. and Sharma, P. and Gupta, K.G. and Sobti, R.C.},
	title = {Rapid degradation of ferulic acid via 4-vinylguaiacol and vanillin by a newly isolated strain of \mo{Bacillus coagulans}},
	journal = {Journal of Biotechnology},
	year = {2000},
	volume = {80},
	number = {3},
	pages = {195-202},
	doi = {10.1016/S0168-1656(00)00248-0},
}

@article{Kennedy1982,
	author = {Kennedy, John F. and Jones, Peter and Barker, S. Alan and Banks, G. T.},
	title = {Factors affecting microbial growth and polysaccharide production during the fermentation of \mo{Xanthomonas campestris} cultures},
	journaltitle = {Enzyme and Microbial Technology},
	year = {1982},
	volume = {4},
	number = {1},
	pages = {39-43},
	doi = {10.1016/0141-0229(82)90009-6},
}

@article{Kim2003,
	author = {Kim, S.-W. and Hwang, H.-J. and Xu, C.-P. and Sung, J.-M. and Choi, J.-W. and Yun, J.-W.},
	title = {Optimization of submerged culture process for the production of mycelial biomass and exo-polysaccharides by \mo{Cordyceps militaris} C738},
	journaltitle = {Journal of Applied Microbiology},
	year = {2003},
	volume = {94},
	number = {1},
	pages = {120-126},
	doi = {10.1046/j.1365-2672.2003.01754.x},
}

@article{Kunc1971,
	author = {Kunc, F.},
	title = {Effect of glucose on decomposition of vanillin by soil microorganisms},
	journal = {Folia Microbiologica},
	year = {1971},
	volume = {16},
	number = {1},
	pages = {51-57},
	doi = {10.1007/BF02887335},
}

@article{Lux1990,
	author = {Lux, Mary F. and Keith, Elizabeth and Hsu, Tsungda and Drake, Harold L.},
	title = {Biotransformations of aromatic aldehydes by acetogenic bacteria},
	journal = {FEMS Microbiology Letters},
	year = {1990},
	volume = {67},
	number = {1-2},
	pages = {73-78},
	doi = {10.1111/j.1574-6968.1990.tb13839.x},
}

@article{Manca1996,
	author = {Manca, M. C. and Lama, L. and Improta, R. and Esposito, E. and Gambacorta, A. and Nicolaus, B.},
	title = {Chemical Composition of Two Exopolysaccharides from \mo{Bacillus thermoantarcticus}},
	journaltitle = {Applied and Environmental Microbiology},
	year = {1996},
	volume = {62},
	number = {9},
	pages = {3265-3269},
}

@article{Narbad1998,
	author = {Narbad, Arjan and Gasson, Michael J.},
	title = {Metabolism of ferulic acid via vanillin using a novel CoA-dependent pathway in a newly-isolated strain of \mo{Pseudomonas fluorescens}},
	journal = {Microbiology},
	year = {1998},
	volume = {144},
	number = {5},
	pages = {1397-1405},
	doi = {10.1099/00221287-144-5-1397},
}

@article{Nicolaus2004,
	author = {Nicolaus, B. and Moriello, V. Schiano and Lama, L. and Poli, A. and Gambacorta, A.},
	title = {Polysaccharides from Extremophilic Microorganisms},
	journaltitle = {Origins of life and evolution of the biosphere},
	year = {2004},
	volume = {34},
	number = {1},
	pages = {159-169},
	doi = {10.1023/B:ORIG.0000009837.37412.d3},
}

@article{Rinker2000,
	author = {Rinker, Kristina D. and Kelly, Robert M.},
	title = {Effect of carbon and nitrogen sources on growth dynamics and exopolysaccharide production for the hyperthermophilic archaeon \mo{Thermococcus litoralis} and bacterium \mo{Thermotoga maritima}},
	journaltitle = {Biotechnology and Bioengineering},
	year = {2000},
	volume = {69},
	number = {5},
	pages = {537-547},
	doi = {10.1002/1097-0290(20000905)69:5<537::AID-BIT8>3.0.CO;2-7},
}

@article{Uhlinger1983,
	author = {Uhlinger, David J. and White, David C.},
	title = {Relationship Between Physiological Status and Formation of Extracellular Polysaccharide Glycocalyx in \mo{Pseudomonas atlantica}},
	journaltitle = {Applied and Environmental Microbiology},
	year = {1983},
	volume = {45},
	number = {1},
	pages = {64-70},
}

@article{West1999,
	author = {West, Thomas P. and Strohfus, Beth},
	title = {Short Communication: Effect of carbon source on exopolysaccharide production by \mo{Sphingomonas paucimobilis} ATCC 31461},
	year = {1999},
	journaltitle = {Microbiological Research},
	volume = {153},
	number = {4},
	pages = {327-329},
	doi = {10.1016/S0944-5013(99)80045-7},
}

@article{Yuksekdag2008,
	author = {Yüksekdağ, Zehra Nur and Aslim, Belma},
	title = {Influence of different carbon sources on exopolysaccharide production by \mo{Lactobacillus delbrueckii} subsp. \mo{bulgaricus} (B3, G12) and \mo{Streptococcus thermophilus} (W22)},
	journaltitle = {Brazilian Archives of Biology and Technology},
	year = {2008},
	volume = {51},
	number = {3},
	pages = {581-585},
	doi = {10.1590/S1516-89132008000300019},
}

